=LDR  01574cai a2200385 i 4500
=001  019709176
=003  Uk
=005  20230223171447.0
=006  m\\\\\|\\d\|\\\\\\
=007  cr\|||||||||||
=008  090428d20162016enk||\||o||||||\\\a2eng\\
=FMT  \\$a  SE
=040  \\$aUk$beng$cUk$erda
=042  \\$aukblsr
=082  04$a324.94208612$223
=245  00$aNational Assembly for Wales Election, 2016.
=264  \1$a[London] :$bUK Web Archive,$c2016.
=300  \\$a1 collection of archived websites (754 web resources)
=336  \\$atext$2rdacontent
=337  \\$acomputer$2rdamedia
=338  \\$aonline resource$2rdacarrier
=500  \\$aTitle from collection entry page (viewed February 10, 2020).
=500  \\$aIncludes subcollections: Assembly members--Candidates--Election blogs--Interest Groups--News and Media--Political Parties - Local--Political Parties - Wales.
=520  \\$aWebsite collection curated by the National Library of Wales about the National Assembly for Wales election, 2016.
=610  10$aWales.$bWelsh Assembly Government$xElections, 2016.
=655  \7$aWeb archives.$2fast$0(OCoLC)fst02008857
=710  2\$aNational Library of Wales,$econtributor.
=710  2\$aUK Web Archive,$ecollector.
=856  40$uhttps://www.webarchive.org.uk/en/ukwa/collection/695$yUK Web Archive
=859  \\$aXLD$bUK Web Archive
=985  \\$aUpdated by MS generated file for WR2302-017
=CAT  \\$a11433$b40$c20200210$lBLL01$h1245
=CAT  \\$aW2302-0174$c20230223$lBLL01$h2045
=FIN  \\$aY$d20200210
=LAS  \\$aW2302-0174$b00$c20230223$lBLL01$h2045

