=LDR  02337cai a2200361 i 4500
=001  019709248
=003  Uk
=005  20230223171447.0
=006  m\\\\\|\\d\|\\\\\\
=007  cr\|||||||||||
=008  090428d20112011enk||\||o||||||\\\a2eng\\
=FMT  \\$a  SE
=040  \\$aUk$beng$cUk$erda
=042  \\$aukblsr
=082  04$a324.94208612$223
=245  00$aNational Assembly for Wales Election, 2011.
=264  \1$a[London] :$bUK Web Archive,$c2011.
=300  \\$a1 collection of archived websites (31 web resources)
=336  \\$atext$2rdacontent
=337  \\$acomputer$2rdamedia
=338  \\$aonline resource$2rdacarrier
=500  \\$aTitle from collection entry page (viewed February 10, 2020).
=520  \\$aThis collection of websites focuses on the election for the National Assembly for Wales in 2011. The Assembly was established in 1999, but the fourth Assembly, would be the first to have full lawmaking powers in devolved areas. The election resulted in gains for the Labour and Conservative parties and losses for the Welsh Liberal Democrats and Plaid Cymru but with no party having an overall majority. Following the election, Carwyn Jones AM, leader of the Labour group was elected as First Minister and formed a government. Etholiad Cynulliad Cenedlaethol Cymru 2011 Mae'r casgliad hwn o wefannau yn canolbwyntio ar yr etholiad i Gynulliad Cenedlaethol Cymru yn 2011. Sefydlwyd y Cynulliad yn 1999, ond y Pedwerydd Cynulliad, fyddair cyntaf i gael pwerau deddfu llawn mewn meysydd sydd wedi'u datganoli. Canlyniad yr etholiad oedd enillion ar gyfer y Blaid Lafur ar Ceidwadwyr a cholledion ar gyfer Democratiaid Rhyddfrydol Cymru a Phlaid Cymru, ond heb unrhyw blaid gyda mwyafrif. Yn dilyn yr etholiad, etholwyd Carwyn Jones AC, arweinydd y grŵp Llafur, yn Brif Weinidog a ffurfiodd lywodraeth.
=610  10$aWales.$bWelsh Assembly Government$xElections, 2011.
=655  \7$aWeb archives.$2fast$0(OCoLC)fst02008857
=710  2\$aUK Web Archive,$ecollector.
=856  40$uhttps://www.webarchive.org.uk/en/ukwa/collection/2375$yUK Web Archive
=859  \\$aXLD$bUK Web Archive
=985  \\$aUpdated by MS generated file for WR2302-017
=CAT  \\$a11433$b40$c20200210$lBLL01$h1408
=CAT  \\$aW2302-0174$c20230223$lBLL01$h2045
=FIN  \\$aY$d20200210
=LAS  \\$aW2302-0174$b00$c20230223$lBLL01$h2045

