=LDR  01849cai a2200469 i 4500
=001  019709283
=003  Uk
=005  20230223171447.0
=006  m\\\\\|\\d\|\\\\\\
=007  cr\|||||||||||
=008  090428c201u9999enk||\||o||||||\\\a2eng\\
=FMT  \\$a  SE
=040  \\$aUk$beng$cUk$erda
=041  \\$aeng$awel
=042  \\$aukblsr
=082  04$a726.509429$223
=245  00$aWelsh Chapels and Churches =$bCapeli ac Eglwysi Cymreig.
=246  31$aCapeli ac Eglwysi Cymreig
=247  10$aWelsh Churches
=264  \1$a[London] :$bUK Web Archive,$c[2015?-]
=300  \\$a1 collection of archived websites
=336  \\$atext$2rdacontent
=337  \\$acomputer$2rdamedia
=338  \\$aonline resource$2rdacarrier
=500  \\$aTitle from collection entry page (viewed February 10, 2020).
=500  \\$aIncludes subcollections: Catholic Church/Eglwys Gatholig -- Church in Wales/Eglwys yng Nghymru -- Other Protestant Churches/Eglwysi Protestanaidd eraill -- Religious associations/Sefydliadau Crefyddol.
=520  \\$aWebsite collection curated by the National Library of Wales listing chapels and churches in Wales.
=546  \\$aWebsites in English and/or Welsh.
=650  \0$aChurch buildings$zWales.
=650  \0$aChapels$zWales.
=655  \7$aWeb archives.$2fast$0(OCoLC)fst02008857
=710  2\$aNational Library of Wales,$econtributor.
=710  2\$aUK Web Archive,$ecollector.
=856  40$uhttps://www.webarchive.org.uk/en/ukwa/collection/1231$yUK Web Archive
=859  \\$aXLD$bUK Web Archive
=985  \\$aUpdated by MS generated file for WR2302-017
=CAT  \\$a11433$b40$c20200210$lBLL01$h1438
=CAT  \\$a11279$b40$c20221013$lBLL01$h0803
=CAT  \\$a11279$b40$c20230125$lBLL01$h1557
=CAT  \\$aW2302-0174$c20230223$lBLL01$h2045
=FIN  \\$aY$d20200210
=LAS  \\$aW2302-0174$b00$c20230223$lBLL01$h2045

