=LDR  02080cai a2200385 i 4500
=001  019709300
=003  Uk
=005  20230223171447.0
=006  m\\\\\|\\d\|\\\\\\
=007  cr\|||||||||||
=008  090428d20112011enk||\||o||||||\\\a2eng\\
=FMT  \\$a  SE
=040  \\$aUk$beng$cUk$erda
=041  0\$aeng$awel
=042  \\$aukblsr
=082  04$a342.0409429$223
=245  00$aWelsh devolution referendum 2011.
=264  \1$a[London] :$bUK Web Archive,$c2011.
=300  \\$a1 collection of archived websites (30 web resources)
=336  \\$atext$2rdacontent
=337  \\$acomputer$2rdamedia
=338  \\$aonline resource$2rdacarrier
=500  \\$aTitle from collection entry page (viewed February 10, 2020).
=520  \\$aThis collection of websites focuses on the referendum on the powers of the National Assembly for Wales, held on March 3rd 2011. Following the coalition agreement between Labour and Plaid Cymru, signed after the 2007 Assembly election, a further referendum was held in 2011 on granting the Assembly the power to make laws without having to first seek permission from the UK Parliament. Mae'r casgliad hwn o wefannau yn canolbwyntio ar y refferendwm ar bwerau i'r Cynulliad Cenedlaethol Cymru, a gynhaliwyd ar Fawrth 3ydd 2011. Yn dilyn y cytundeb clymblaid rhwng Llafur a Phlaid Cymru, wedi'i lofnodi ar ôl etholiadau'r Cynulliad yn 2007, cynhaliwyd refferendwm pellach yn 2011 ar ganiatáu i'r Cynulliad y pŵer i wneud cyfreithiau heb orfod yn gyntaf i ofyn am ganiatâd gan Senedd y DU.
=610  10$aWales.$bNational Assembly$xPowers and duties.
=655  \7$aWeb archives.$2fast$0(OCoLC)fst02008857
=710  2\$aUK Web Archive,$ecollector.
=856  40$uhttps://www.webarchive.org.uk/en/ukwa/collection/2374$yUK Web Archive
=859  \\$aXLD$bUK Web Archive
=985  \\$aUpdated by MS generated file for WR2302-017
=CAT  \\$a11433$b40$c20200210$lBLL01$h1510
=CAT  \\$a11279$b40$c20200309$lBLL01$h1714
=CAT  \\$aW2302-0174$c20230223$lBLL01$h2045
=FIN  \\$aY$d20200210
=LAS  \\$aW2302-0174$b00$c20230223$lBLL01$h2045

