=LDR  01745cai a2200409 i 4500
=001  019709331
=003  Uk
=005  20230223171447.0
=006  m\\\\\|\\d\|\\\\\\
=007  cr\|||||||||||
=008  090428c20199999enk||\||o||||||\\\a2eng\\
=FMT  \\$a  SE
=040  \\$aUk$beng$cUk$erda
=042  \\$aukblsr
=082  04$a507.20942659$223
=245  00$aCambridge Science.
=264  \1$a[London] :$bUK Web Archive,$c2019-
=300  \\$a1 collection of archived websites
=336  \\$atext$2rdacontent
=337  \\$acomputer$2rdamedia
=338  \\$aonline resource$2rdacarrier
=500  \\$aTitle from collection entry page (viewed February 10, 2020).
=520  \\$aCambridge has produced Nobel prize winning scientists and others of world renown. This collection, initiated in 2019 is being put together to recognise and preserve the scientific contribution of our academics. This collection will be lead by the Head of Physical Sciences at Cambridge and will include a wide range of contributors from across Cambridge University Library.
=610  20$aUniversity of Cambridge$xResearch.
=650  \0$aResearch$zEngland$zCambridge.
=650  \0$aScientists$zEngland$zCambridge.
=655  \7$aWeb archives.$2fast$0(OCoLC)fst02008857
=710  2\$aCambridge University Library,$econtributor.
=710  2\$aUK Web Archive,$ecollector.
=856  40$uhttps://www.webarchive.org.uk/en/ukwa/collection/2698$yUK Web Archive
=859  \\$aXLD$bUK Web Archive
=985  \\$aUpdated by MS generated file for WR2302-017
=CAT  \\$a11433$b40$c20200210$lBLL01$h1614
=CAT  \\$a11279$b40$c20200304$lBLL01$h1340
=CAT  \\$aW2302-0174$c20230223$lBLL01$h2045
=FIN  \\$aY$d20200210
=LAS  \\$aW2302-0174$b00$c20230223$lBLL01$h2045

