=LDR  01657cai a2200421 i 4500
=001  019709338
=003  Uk
=005  20230223171447.0
=006  m\\\\\|\\d\|\\\\\\
=007  cr\|||||||||||
=008  090428d20182018enk||\||o||||||\\\a2eng\\
=FMT  \\$a  SE
=040  \\$aUk$beng$cUk$erda
=042  \\$aukblsr
=082  04$a530.092$223
=245  00$aStephen Hawking.
=264  \1$a[London] :$bUK Web Archive,$c2018.
=300  \\$a1 collection of archived websites
=336  \\$atext$2rdacontent
=337  \\$acomputer$2rdamedia
=338  \\$aonline resource$2rdacarrier
=500  \\$aTitle from collection entry page (viewed February 10, 2020).
=500  \\$aWebsites collected between March and December 2018.
=520  \\$aStephen Hawking was an English theoretical physicist, cosmologist, and author, who was director of research at the Centre for Theoretical Cosmology at the University of Cambridge at the time of his death on the 14 March 2018, Cambridge.
=600  10$aHawking, Stephen,$d1942-2018.
=655  \7$aWeb archives.$2fast$0(OCoLC)fst02008857
=710  2\$aUK Web Archive,$ecollector.
=856  40$uhttps://www.webarchive.org.uk/en/ukwa/collection/2146$yUK Web Archive
=859  \\$aXLD$bUK Web Archive
=985  \\$aUpdated by MS generated file for WR2302-017
=CAT  \\$a11433$b40$c20200210$lBLL01$h1640
=CAT  \\$a11279$b40$c20200306$lBLL01$h0901
=CAT  \\$a11279$b40$c20200306$lBLL01$h0937
=CAT  \\$a11279$b40$c20230120$lBLL01$h1117
=CAT  \\$a11279$b40$c20230125$lBLL01$h1330
=CAT  \\$aW2302-0174$c20230223$lBLL01$h2045
=FIN  \\$aY$d20200210
=LAS  \\$aW2302-0174$b00$c20230223$lBLL01$h2045

