=LDR  01818cai a2200397 i 4500
=001  019727481
=003  Uk
=005  20230223171519.0
=006  m\\\\\|\\d\|\\\\\\
=007  cr\|||||||||||
=008  090428d20152015enk||\||o||||||\\\a2eng\\
=FMT  \\$a  SE
=040  \\$aUk$beng$cUk$erda
=042  \\$aukblsr
=082  04$a388.132094134$223
=245  00$aForth Bridge 125th Anniversary.
=264  \1$a[London] :$bUK Web Archive,$c2015.
=300  \\$a1 collection of archived websites (56 web resources)
=336  \\$atext$2rdacontent
=337  \\$acomputer$2rdamedia
=338  \\$aonline resource$2rdacarrier
=500  \\$aTitle from collection entry page (viewed February 26, 2020).
=500  \\$aIncludes subcollections: Events--Organisations--Press, Media & Comment--World Heritage Site status.
=520  \\$aThe world famous Forth Bridge opened on March 4th 1890, immediately becoming the world's longest cantilever bridge, a position it still holds today. This collection of websites, curated by staff at the National Library of Scotland, focusses on the 125th anniversary of the Bridge in 2015 and the special events held throughout 2015 to mark this historic milestone.
=651  \0$aForth Bridge (South Queensferry, Scotland : Railroad bridge)
=655  \7$aWeb archives.$2fast$0(OCoLC)fst02008857
=710  2\$aNational Library of Scotland,$econtributor.
=710  2\$aUK Web Archive,$ecollector.
=856  40$uhttps://www.webarchive.org.uk/en/ukwa/collection/370$yUK Web Archive
=859  \\$aXLD$bUK Web Archive
=985  \\$aUpdated by MS generated file for WR2302-017
=CAT  \\$a11433$b40$c20200226$lBLL01$h1139
=CAT  \\$a11433$b40$c20200226$lBLL01$h1204
=CAT  \\$aW2302-0174$c20230223$lBLL01$h2045
=FIN  \\$aY$d20200226
=LAS  \\$aW2302-0174$b00$c20230223$lBLL01$h2045

