=LDR  01746cai a2200433 i 4500
=001  019727504
=003  Uk
=005  20230223171519.0
=006  m\\\\\|\\d\|\\\\\\
=007  cr\|||||||||||
=008  090428d20172019enk||\||o||||||\\\a2eng\\
=FMT  \\$a  SE
=040  \\$aUk$beng$cUk$erda
=042  \\$aukblsr
=082  04$a274.11$223
=245  00$aScottish Churches.
=264  \1$a[London] :$bUK Web Archive,$c2017-2019.
=300  \\$a1 collection of archived websites
=336  \\$atext$2rdacontent
=337  \\$acomputer$2rdamedia
=338  \\$aonline resource$2rdacarrier
=500  \\$aTitle from collection entry page (viewed February 26, 2020).
=520  \\$aA collection of websites created between 2016 and 2019 of places of Christian worship in Scotland and the denominations to which they belong, reflecting the national activities of church communities as well as those at local level. Created by the National Library of Scotland, Trevor Thomson.
=650  \0$aChurch buildings$zScotland.
=650  \0$aChristianity$zScotland.
=655  \7$aWeb archives.$2fast$0(OCoLC)fst02008857
=700  1\$aThomson, Trevor,$econtributor.
=710  2\$aNational Library of Scotland,$econtributor.
=710  2\$aUK Web Archive,$ecollector.
=856  40$uhttps://www.webarchive.org.uk/en/ukwa/collection/1230$yUK Web Archive
=859  \\$aXLD$bUK Web Archive
=985  \\$aUpdated by MS generated file for WR2302-017
=CAT  \\$a11433$b40$c20200226$lBLL01$h1150
=CAT  \\$a11433$b40$c20200226$lBLL01$h1204
=CAT  \\$a11279$b40$c20200306$lBLL01$h0935
=CAT  \\$a7332$b40$c20200311$lBLL01$h1141
=CAT  \\$aW2302-0174$c20230223$lBLL01$h2045
=FIN  \\$aY$d20200226
=LAS  \\$aW2302-0174$b00$c20230223$lBLL01$h2045

