=LDR  02206cai a2200421 i 4500
=001  019727526
=003  Uk
=005  20230223171519.0
=006  m\\\\\|\\d\|\\\\\\
=007  cr\|||||||||||
=008  090428c20089999enk||\||o||||||\\\a2eng\\
=FMT  \\$a  SE
=040  \\$aUk$beng$cUk$erda
=042  \\$aukblsr
=082  04$a351.411$223
=245  00$aScottish Government.
=264  \1$a[London] :$bUK Web Archive,$c2008-
=300  \\$a1 collection of archived websites
=336  \\$atext$2rdacontent
=337  \\$acomputer$2rdamedia
=338  \\$aonline resource$2rdacarrier
=500  \\$aTitle from collection entry page (viewed February 26, 2020).
=500  \\$aIncludes subcollections: Advisory Non-Departmental Public Body--Agency--Executive Non-Departmental Public Body--Health bodies--Information--Minister--Non-Ministerial Department--Other significant public bodies--Parliamentary bodies--Public Consultation--Public Corporations--Tribunal Non-Departmental Public Body.
=520  \\$aThe Scottish Government collection includes archived sites of public bodies and agencies in Scotland, a full A-Z list begins at the bottom of the page. Main Scottish Government site: [ARCHIVED] The Scottish Government - gov.scot; see also: [ARCHIVED] The Scottish Government - scotland.gov.uk. A collection of Scottish Government sites made by prior to March 2013 is available here: https://archive-it.org/collections/3011. This collection is maintained by the National Library of Scotland.
=610  10$aScotland.$bScottish Government.
=651  \0$aScotland$xPolitics and government$y21st century.
=655  \7$aWeb archives.$2fast$0(OCoLC)fst02008857
=710  2\$aNational Library of Scotland,$econtributor.
=710  2\$aUK Web Archive,$ecollector.
=856  40$uhttps://www.webarchive.org.uk/en/ukwa/collection/1270$yUK Web Archive
=859  \\$aXLD$bUK Web Archive
=985  \\$aUpdated by MS generated file for WR2302-017
=CAT  \\$a11433$b40$c20200226$lBLL01$h1203
=CAT  \\$a11279$b40$c20200306$lBLL01$h0953
=CAT  \\$a11279$b40$c20201026$lBLL01$h1525
=CAT  \\$aW2302-0174$c20230223$lBLL01$h2045
=FIN  \\$aY$d20200226
=LAS  \\$aW2302-0174$b00$c20230223$lBLL01$h2045

