=LDR  02532cai a2200421 i 4500
=001  019727548
=003  Uk
=005  20230223171519.0
=006  m\\\\\|\\d\|\\\\\\
=007  cr\|||||||||||
=008  090428d20132014enk||\||o||||||\\\a2eng\\
=FMT  \\$a  SE
=040  \\$aUk$beng$cUk$erda
=042  \\$aukblsr
=082  04$a328.2411$223
=245  00$aScottish Independence Referendum.
=264  \1$a[London] :$bUK Web Archive,$c2013-2014.
=300  \\$a1 collection of archived websites (1144 web resources)
=336  \\$atext$2rdacontent
=337  \\$acomputer$2rdamedia
=338  \\$aonline resource$2rdacarrier
=500  \\$aTitle from collection entry page (viewed February 26, 2020).
=500  \\$aIncludes subcollections: Charities, Religious Organisations and Third Sector--Commercial Publishers--Government (UK and Scottish)--National Campaigning Groups--Political Parties and Trade Unions--Press, Media & Comment--Think Tanks and Research Institutes.
=520  \\$aOn the 18th September 2014 voters were asked 'should Scotland be an independent country'. The results of this vote saw the electorate voting 55.3% in favour of remaining within the UK. For the first time in the UK, and specifically for that vote, 16 and 17 year olds were eligible to cast their ballots. Those born in other parts of the UK but resident in Scotland at the time of the vote were also eligible to vote, while those born in Scotland but no longer living there were not. These archived sites form part of a larger collection of books, reports, serials, and material such as flyers, leaflets, etc., as well as moving image, sound and archival material made by the National Library of Scotland; for further information visit the Library's Scottish Independence Referendum 2014 Collection page: https://www.nls.uk/collections/topics/referendum.
=650  \0$aReferendum$zScotland.
=650  \0$aHome rule$zScotland.
=651  \0$aScotland$xPolitics and government$y21st century.
=655  \7$aWeb archives.$2fast$0(OCoLC)fst02008857
=710  2\$aNational Library of Scotland,$econtributor.
=710  2\$aUK Web Archive,$ecollector.
=856  40$uhttps://www.webarchive.org.uk/en/ukwa/collection/65$yUK Web Archive
=859  \\$aXLD$bUK Web Archive
=985  \\$aUpdated by MS generated file for WR2302-017
=CAT  \\$a11433$b40$c20200226$lBLL01$h1216
=CAT  \\$a11279$b40$c20201026$lBLL01$h1526
=CAT  \\$aW2302-0174$c20230223$lBLL01$h2045
=FIN  \\$aY$d20200226
=LAS  \\$aW2302-0174$b00$c20230223$lBLL01$h2045

