=LDR  02109cai a2200505 i 4500
=001  019727613
=003  Uk
=005  20230223171519.0
=006  m\\\\\|\\d\|\\\\\\
=007  cr\|||||||||||
=008  090428d20162016enk||\||o||||||\\\a2eng\\
=FMT  \\$a  SE
=040  \\$aUk$beng$cUk$erda
=042  \\$aukblsr
=082  04$a324.9411086$223
=245  00$aScottish Parliamentary Election 2016.
=247  10$aScottish Parliament Election 2016
=264  \1$a[London] :$bUK Web Archive,$c2016.
=300  \\$a1 collection of archived websites
=336  \\$atext$2rdacontent
=337  \\$acomputer$2rdamedia
=338  \\$aonline resource$2rdacarrier
=500  \\$aTitle from collection entry page (viewed February 26, 2020, updated January 25, 2023).
=500  \\$aWebsites collected between January and May 2016.
=500  \\$aIncludes subcollections: Candidates--MSPs--News and Media--Political Parties-Local.
=520  \\$aA collection of sites belonging to candidates, political parties and campaigning groups active during the Scottish Parliamentary elections in 2016. The collection was curated by staff at the National Library of Scotland.
=610  10$aScotland.$bScottish Government$xElections, 2016.
=650  \0$aPolitical campaigns$zScotland.
=650  \0$aPolitical participation$zScotland.
=650  \0$aPolitical parties$zScotland.
=655  \7$aWeb archives.$2fast$0(OCoLC)fst02008857
=710  2\$aNational Library of Scotland,$econtributor.
=710  2\$aUK Web Archive,$ecollector.
=856  40$uhttps://www.webarchive.org.uk/en/ukwa/collection/689$yUK Web Archive
=859  \\$aXLD$bUK Web Archive
=985  \\$aUpdated by MS generated file for WR2302-017
=CAT  \\$a11433$b40$c20200226$lBLL01$h1426
=CAT  \\$a11279$b40$c20200306$lBLL01$h0937
=CAT  \\$a11279$b40$c20201026$lBLL01$h1513
=CAT  \\$a11279$b40$c20201026$lBLL01$h1526
=CAT  \\$a11279$b40$c20230125$lBLL01$h0943
=CAT  \\$a11279$b40$c20230125$lBLL01$h1622
=CAT  \\$aW2302-0174$c20230223$lBLL01$h2045
=FIN  \\$aY$d20200226
=LAS  \\$aW2302-0174$b00$c20230223$lBLL01$h2045

