=LDR  01832cai a2200385 i 4500
=001  019727645
=003  Uk
=005  20230223171519.0
=006  m\\\\\|\\d\|\\\\\\
=007  cr\|||||||||||
=008  090428d20162017enk||\||o||||||\\\a2eng\\
=FMT  \\$a  SE
=040  \\$aUk$beng$cUk$erda
=042  \\$aukblsr
=082  04$a941.70821$223
=245  00$aEaster Rising.
=264  \1$a[London] :$bUK Web Archive,$c2016-2017.
=300  \\$a1 collection of archived websites (332 web resources)
=336  \\$atext$2rdacontent
=337  \\$acomputer$2rdamedia
=338  \\$aonline resource$2rdacarrier
=500  \\$aTitle from collection entry page (viewed February 26, 2020).
=520  \\$aThe 1916 Easter Rising was a pivotal moment in modern Irish history. It transformed the political landscape, paving the way for Irish independence, while also leaving a contentious legacy. The Rising, or more particularly the centenary of the events in Dublin in 1916, is being explored and represented in new ways thanks to technology and the work of colleagues at Trinity College Dublin and the Bodleian Libaries, University of Oxford. During 2016 they built and curated a collection of websites related to the commemoration.
=651  \0$aIreland$xHistory$yEaster Rising, 1916.
=655  \7$aWeb archives.$2fast$0(OCoLC)fst02008857
=710  2\$aTrinity College (Dublin, Ireland),$econtributor.
=710  2\$aBodleian Libraries,$econtributor.
=710  2\$aUK Web Archive,$ecollector.
=856  40$uhttps://www.webarchive.org.uk/en/ukwa/collection/469$yUK Web Archive
=859  \\$aXLD$bUK Web Archive
=985  \\$aUpdated by MS generated file for WR2302-017
=CAT  \\$a11433$b40$c20200226$lBLL01$h1451
=CAT  \\$aW2302-0174$c20230223$lBLL01$h2045
=FIN  \\$aY$d20200226
=LAS  \\$aW2302-0174$b00$c20230223$lBLL01$h2045

