=LDR  02531cai a2200409 i 4500
=001  019727681
=003  Uk
=005  20230223171519.0
=006  m\\\\\|\\d\|\\\\\\
=007  cr\|||||||||||
=008  090428c20169999enk||\||o||||||\\\a2eng\\
=FMT  \\$a  SE
=040  \\$aUk$beng$cUk$erda
=042  \\$aukblsr
=082  04$a004.693$223
=245  00$aOnline Enthusiast Communities in the UK.
=264  \1$a[London] :$bUK Web Archive,$c2016-
=300  \\$a1 collection of archived websites
=336  \\$atext$2rdacontent
=337  \\$acomputer$2rdamedia
=338  \\$aonline resource$2rdacarrier
=500  \\$aTitle from collection entry page (viewed February 26, 2020).
=500  \\$aIncludes subcollections: Animal related hobbies--Arts, crafts and handiworks--Collecting--Computing and Tech--Costuming and Re-enactment--Food and Drink--Miscellaneous--Music--Observation hobbies--Performance based hobbies--Scale Modelling--Sports--Tabletop Gaming.
=520  \\$aThis collection was initiated in 2016 and curated by staff and graduate trainee digital archivists at the Bodleian Libraries, University of Oxford. It captures how UK based public forums are used to discuss hobbies and activities and serve as a place for enthusiasts to converse with others sharing similar interests. It gives an insight into how hobbyists of the British public are using the internet right now to further their social and recreational activities, and show the use of online communities in an everyday, routine manner rather than providing reactions to a particular event. The range of interests covered by online communities within the UK is surprisingly vast - it is possible to find anything from the more traditional areas, such as stamp collecting and cycling, to the more esoteric, such as a community for those dedicated to turning their raspberry pi computers into retro gaming machines.
=650  \0$aElectronic discussion groups$zGreat Britain.
=650  \0$aHobbies$zGreat Britain.
=655  \7$aWeb archives.$2fast$0(OCoLC)fst02008857
=710  2\$aBodleian Libraries,$econtributor.
=710  2\$aUK Web Archive,$ecollector.
=856  40$uhttps://www.webarchive.org.uk/en/ukwa/collection/1288$yUK Web Archive
=859  \\$aXLD$bUK Web Archive
=985  \\$aUpdated by MS generated file for WR2302-017
=CAT  \\$a11433$b40$c20200226$lBLL01$h1611
=CAT  \\$a11279$b40$c20200304$lBLL01$h1434
=CAT  \\$aW2302-0174$c20230223$lBLL01$h2045
=FIN  \\$aY$d20200226
=LAS  \\$aW2302-0174$b00$c20230223$lBLL01$h2045

