=LDR  02328cai a2200373 i 4500
=001  019727690
=003  Uk
=005  20230223171519.0
=006  m\\\\\|\\d\|\\\\\\
=007  cr\|||||||||||
=008  090428d20132014enk||\||o||||||\\\a2eng\\
=FMT  \\$a  SE
=040  \\$aUk$beng$cUk$erda
=042  \\$aukblsr
=082  04$a363.34922$223
=245  00$aUK response to Typhoon Haiyan (Philippines) 2013.
=264  \1$a[London] :$bUK Web Archive,$c2013-2014.
=300  \\$a1 collection of archived websites (501 web resources)
=336  \\$atext$2rdacontent
=337  \\$acomputer$2rdamedia
=338  \\$aonline resource$2rdacarrier
=500  \\$aTitle from collection entry page (viewed February 26, 2020).
=520  \\$aOn the 8th November 2013 Typhoon Haiyan (also known as Yolanda), the strongest storm ever recorded at landfall, hit the Philippines, causing at least 6,200 fatalities. With more than 25,000 people injured, an estimated 4 million people homeless and the infrastructure of whole regions destroyed, the Philippines faced a humanitarian crisis. This collection captures internet sites with content about the UK response to Typhoon Haiyan, including news and commentary from national and regional news sites, information and appeals from charity and aid organisations' websites, Government pages, community group websites and blogs from immediately after the typhoon in November 2013 until January 2014. The websites in this collection have been selected by staff at the Bodleian Libraries, University of Oxford to reflect the diversity of the UK's humanitarian aid response to Typhoon Haiyan, but also the political response, and emerging debates such as climate change and its impact on severe weather events, or the structures and efficiency of foreign aid in general.
=650  \0$aTyphoon Haiyan, 2013.
=655  \7$aWeb archives.$2fast$0(OCoLC)fst02008857
=710  2\$aBodleian Libraries,$econtributor.
=710  2\$aUK Web Archive,$ecollector.
=856  40$uhttps://www.webarchive.org.uk/en/ukwa/collection/283$yUK Web Archive
=859  \\$aXLD$bUK Web Archive
=985  \\$aUpdated by MS generated file for WR2302-017
=CAT  \\$a11433$b40$c20200226$lBLL01$h1629
=CAT  \\$aW2302-0174$c20230223$lBLL01$h2045
=FIN  \\$aY$d20200226
=LAS  \\$aW2302-0174$b00$c20230223$lBLL01$h2045

