=LDR  02006cai a2200421 a 4500
=001  019996226
=003  Uk
=005  20230223171835.0
=006  m\\\\\|\\d\|\\\\\\
=007  cr\|||||||||||
=008  090428d20192019enk||\||o||||||\\\a2eng\\
=FMT  \\$a  SE
=040  \\$aUk$beng$cUk$erda
=042  \\$aukblsr
=082  04$a940.54219218$223
=245  00$aArnhem 75.
=264  \1$a[London] :$bUK Web Archive,$c2019.
=300  \\$a1 collection of archived websites (64 web resources).
=336  \\$atext$2rdacontent
=337  \\$acomputer$2rdamedia
=338  \\$aonline resource$2rdacarrier
=500  \\$aTitle from collection entry page (viewed November 2, 2020).
=520  \\$aThis is a collection of websites relating to the 75th anniversary of Operation Market Garden and the Battle of Arnhem. Operation Market Garden was a failed World War II military operation fought in the Netherlands from 17 to 25 September 1944. The collection reflects how Operation Market Garden was remembered within the UK Web Space during 2019. It is curated by staff at the Royal Air Force Museum and the British Library and is intended to provide a corpus of websites which capture as many aspects of the anniversary as possible.
=650  \0$aArnhem, Battle of, Arnhem, Netherlands, 1944.
=650  \0$aWorld War, 1939-1945$xAerial operations, British.
=655  \7$aWeb archives.$2fast$0(OCoLC)fst02008857
=710  2\$aRoyal Air Force Museum (Great Britain),$econtributor.
=710  2\$aBritish Library,$econtributor.
=710  2\$aUK Web Archive,$ecollector.
=856  40$uhttps://www.webarchive.org.uk/en/ukwa/collection/2758$yUK Web Archive
=859  \\$aXLD$bUK Web Archive
=985  \\$aUpdated by MS generated file for WR2302-017
=CAT  \\$a11279$b40$c20201102$lBLL01$h1404
=CAT  \\$a11279$b40$c20220427$lBLL01$h1221
=CAT  \\$a11279$b40$c20220427$lBLL01$h1537
=CAT  \\$aW2302-0174$c20230223$lBLL01$h2048
=FIN  \\$aY$d20201102
=LAS  \\$aW2302-0174$b00$c20230223$lBLL01$h2048

