=LDR  02432cai a2200469 a 4500
=001  019996258
=003  Uk
=005  20230223171835.0
=006  m\\\\\|\\d\|\\\\\\
=007  cr\|||||||||||
=008  090428c20209999enk||\||o||||||\\\a2eng\\
=FMT  \\$a  SE
=040  \\$aUk$beng$cUk$erda
=042  \\$aukblsr
=082  04$a500$223
=245  00$aScience collection.
=264  \1$a[London] :$bUK Web Archive,$c2020-
=300  \\$a1 collection of archived websites
=336  \\$atext$2rdacontent
=337  \\$acomputer$2rdamedia
=338  \\$aonline resource$2rdacarrier
=500  \\$aTitle from collection entry page (viewed November 2, 2020).
=520  \\$aIn 2020 we started to review and organise science content within the UK Web Archive. A Science, Technology, Engineering & Medicine (STEM) subject librarian managed this task. The collection is tagged according to the standard divisions of the sciences under Universal Decimal Classification, using the names as listed as follows: Agriculture, Astronomy, Biology, Chemistry, Communications, Earth sciences, Engineering, Physics. The collection will not cover computer science or information technology as there is already a web archive collection for this subject area. Science is also represented by several curated collections within the UK Web Archive, dealing with specific subjects such as disease pandemics, science at Cambridge University, the Medical Royal Colleges, and the late Stephen Hawking. We are continually building our science collections in the UK Web Archive.
=650  \0$aScience$zGreat Britain.
=650  \0$aAgriculture$zGreat Britain.
=650  \0$aAstronomy$zGreat Britain.
=650  \0$aBiology$zGreat Britain.
=650  \0$aChemistry$zGreat Britain.
=650  \0$aCommunication in science$zGreat Britain.
=650  \0$aEarth sciences$zGreat Britain.
=650  \0$aEngineering$zGreat Britain.
=650  \0$aPhysics$zGreat Britain.
=655  \7$aWeb archives.$2fast$0(OCoLC)fst02008857
=710  2\$aUK Web Archive,$ecollector.
=856  40$uhttps://www.webarchive.org.uk/en/ukwa/collection/3026$yUK Web Archive
=859  \\$aXLD$bUK Web Archive
=985  \\$aUpdated by MS generated file for WR2302-017
=CAT  \\$a11279$b40$c20201102$lBLL01$h1501
=CAT  \\$a11279$b40$c20220427$lBLL01$h1535
=CAT  \\$aW2302-0174$c20230223$lBLL01$h2048
=FIN  \\$aY$d20201102
=LAS  \\$aW2302-0174$b00$c20230223$lBLL01$h2048

