=LDR  02592cai a2200445 i 4500
=001  020512692
=003  Uk
=005  20230223172819.0
=006  m\\\\\|\\d\|\\\\\\
=007  cr\|||||||||||
=008  090428c20209999enk||\||o||||||\\\a2eng\\
=FMT  \\$a  SE
=040  \\$aUk$beng$cUk$erda
=042  \\$aukblsr
=082  04$a362.10941$223
=245  00$aNHS.
=246  1\$aNational Health Service
=264  \1$a[London] :$bUK Web Archive,$c2020-
=300  \\$a1 collection of archived websites
=336  \\$atext$2rdacontent
=337  \\$acomputer$2rdamedia
=338  \\$aonline resource$2rdacarrier
=500  \\$aTitle from collection entry page (viewed March 9, 2022).
=500  \\$aIncludes subcollections: Clinical Commissioning Groups -- Healthwatch -- NHS Northern Ireland -- NHS Scotland -- NHS Trusts in England -- NHS Wales -- NHS in England: Umbrella Bodies and Sites -- Partnerships -- Professional Networks and Representative Bodies in England -- Special Health Authorities in England.
=520  \\$aThe National Health Service is the umbrella term for the publicly funded healthcare systems of the United Kingdom. It is made up of a wide range of different organisations with different roles, responsibilities and specialities. These organisations provide a variety of services and support to patients and carers. This collection will, in time, offer a one-stop-shop for access to primary materials about the NHS. The collection will focus exclusively on official websites of NHS bodies with selective commentary and analysis together with the websites of think tanks and research centres. It will include Twitter feeds where they exist. The collection was initiated in March 2020 by the British Library's Government and Official Information Team in partnership with the other UK Legal Deposit Libraries.
=610  10$aGreat Britain.$bNational Health Service.
=650  \0$aNational health services$zGreat Britain.
=650  \0$aHealth services administration$zGreat Britain.
=655  \7$aWeb archives.$2fast$0(OCoLC)fst02008857
=710  2\$aBritish Library,$econtributor.
=710  2\$aUK Web Archive,$ecollector.
=856  40$uhttps://www.webarchive.org.uk/en/ukwa/collection/2954$yUK Web Archive
=859  \\$aXLD$bUK Web Archive
=985  \\$aUpdated by MS generated file for WR2302-017
=CAT  \\$a11279$b40$c20220309$lBLL01$h1611
=CAT  \\$a11279$b40$c20220427$lBLL01$h1119
=CAT  \\$a7164$b40$c20220427$lBLL01$h1353
=CAT  \\$aW2302-0174$c20230223$lBLL01$h2059
=FIN  \\$aY$d20220427
=LAS  \\$aW2302-0174$b00$c20230223$lBLL01$h2059

