=LDR  02084cai a2200409 i 4500
=001  020566937
=003  Uk
=005  20230223172921.0
=006  m\\\\\|\\d\|\\\\\\
=007  cr\|||||||||||
=008  090428d20212021enk||\||o||||||\\\a2eng\\
=FMT  \\$a  SE
=040  \\$aUk$beng$cUk$erda
=042  \\$aukblsr
=082  04$a941.085$223
=245  00$aDuke of Edinburgh.
=264  \1$a[London] :$bUK Web Archive,$c2021.
=300  \\$a1 collection of archived websites (82 web resources)
=336  \\$atext$2rdacontent
=337  \\$acomputer$2rdamedia
=338  \\$aonline resource$2rdacarrier
=500  \\$aTitle from collection entry page (viewed April 27, 2022).
=520  \\$aThis collection of websites was curated by staff at the British Library in April 2021 to commemorate His Royal Highness Prince Philip the Duke of Edinburgh (10th June 1921 to 9th April 2021). It includes the websites of many of the organisations that the Duke was associated with during his lifetime, either as President, Patron, Honorary Member or in another capacity. The Duke had special interests in scientific and technological research and development, the welfare of young people, education, conservation, the environment and the encouragement of sport. The collection also includes statements from Commonwealth Organisations reflecting on the life of the Duke.
=600  00$aPhilip,$cPrince, consort of Elizabeth II, Queen of Great Britain,$d1921-2021.
=650  \0$aAssociations, institutions, etc.
=655  \7$aWeb archives.$2fast$0(OCoLC)fst02008857
=710  2\$aBritish Library,$econtributor.
=710  2\$aUK Web Archive,$ecollector.
=856  40$uhttps://www.webarchive.org.uk/en/ukwa/collection/3866$yUK Web Archive
=859  \\$aXLD$bUK Web Archive
=985  \\$aUpdated by MS generated file for WR2302-017
=CAT  \\$a11279$b40$c20220427$lBLL01$h1047
=CAT  \\$a11279$b40$c20220427$lBLL01$h1220
=CAT  \\$a7164$b40$c20220427$lBLL01$h1304
=CAT  \\$aW2302-0174$c20230223$lBLL01$h2101
=FIN  \\$aY$d20220427
=LAS  \\$aW2302-0174$b00$c20230223$lBLL01$h2101

