=LDR  02158cai a2200493 i 4500
=001  020566944
=003  Uk
=005  20230223172921.0
=006  m\\\\\|\\d\|\\\\\\
=007  cr\|||||||||||
=008  090428c20169999enk||\||o||||||\\\a2eng\\
=FMT  \\$a  SE
=040  \\$aUk$beng$cUk$erda
=041  \\$aeng$agla
=042  \\$aukblsr
=082  04$a491.63$223
=245  00$aGaelic life on the web.
=264  \1$a[London] :$bUK Web Archive,$c2016-
=300  \\$a1 collection of archived websites
=336  \\$atext$2rdacontent
=337  \\$acomputer$2rdamedia
=338  \\$aonline resource$2rdacarrier
=500  \\$aTitle from collection entry page (viewed April 27, 2022).
=500  \\$aIncludes subcollections: Blogs and Social Media -- Community Organisations -- Education and Research -- Film and Broadcast Media -- Literature and Publishing -- Music -- The Royal National Mod, Provincial Mods and Festivals.
=520  \\$aThis collection focusses on Scottish Gaelic and related sites published in the UK. Originally based on the work of a Gaelic Digital Assistant appointed from June 2016 to July 2017 in the National Library of Scotland to identify and collect Gaelic websites and social media. The collection is currently being updated.
=546  \\$aWebsites in English and/or Scottish Gaelic.
=650  \0$aScottish Gaelic language.
=650  \0$aSocial media.
=650  \0$aWeb sites.
=655  \7$aWeb archives.$2fast$0(OCoLC)fst02008857
=710  2\$aNational Library of Scotland,$econtributor.
=710  2\$aUK Web Archive,$ecollector.
=856  40$uhttps://www.webarchive.org.uk/en/ukwa/collection/2898$yUK Web Archive
=859  \\$aXLD$bUK Web Archive
=985  \\$aUpdated by MS generated file for WR2302-017
=CAT  \\$a11279$b40$c20220427$lBLL01$h1104
=CAT  \\$a11279$b40$c20220427$lBLL01$h1117
=CAT  \\$a11279$b40$c20220427$lBLL01$h1220
=CAT  \\$a7164$b40$c20220427$lBLL01$h1322
=CAT  \\$a7164$b40$c20220427$lBLL01$h1549
=CAT  \\$a11279$b40$c20220427$lBLL01$h1610
=CAT  \\$aW2302-0174$c20230223$lBLL01$h2101
=FIN  \\$aY$d20220427
=LAS  \\$aW2302-0174$b00$c20230223$lBLL01$h2101

