=LDR  02079cai a2200445 i 4500
=001  020566957
=003  Uk
=005  20230223172921.0
=006  m\\\\\|\\d\|\\\\\\
=007  cr\|||||||||||
=008  090428c20079999enk||\||o||||||\\\a2eng\\
=FMT  \\$a  SE
=040  \\$aUk$beng$cUk$erda
=041  \\$aeng$awel
=042  \\$aukblsr
=082  04$a320.9429$223
=245  00$aGovernment in Wales =$bLlywodraeth yng Nghymru.
=246  31$aLlywodraeth yng Nghymru
=264  \1$a[London] :$bUK Web Archive,$c2007-
=300  \\$a1 collection of archived websites
=336  \\$atext$2rdacontent
=337  \\$acomputer$2rdamedia
=338  \\$aonline resource$2rdacarrier
=500  \\$aTitle from collection entry page (viewed April 27, 2022).
=500  \\$aIncludes subcollections: Inspectorates/ Arolygaethau -- Local Government/ Llywodraeth Lleol -- News and Media/ Newyddion a Chyfryngau -- UK Government in Wales/ Llywodraeth DU yng Nghymru -- Welsh Government/ Llywodraeth Cymru -- Welsh Parliament/ Senedd Cymru.
=520  \\$aThe 'Government in Wales' collection consists of many websites collected by the National Library of Wales since 2007 relating to all forms of Government across Wales. Mae casgliad 'Llywodraeth yng Nghymru' yn cynnwys nifer o wefannau a gasglwyd gan Lyfrgell Genedlaethol Cymru ers 2007 yn ymwneud â phob math o lywodraeth yng Nghymru.
=546  \\$aWebsites in English and/or Welsh.
=651  \0$aWales$xPolitics and government.
=655  \7$aWeb archives.$2fast$0(OCoLC)fst02008857
=710  2\$aNational Library of Wales,$econtributor.
=710  2\$aUK Web Archive,$ecollector.
=856  40$uhttps://www.webarchive.org.uk/en/ukwa/collection/3226$yUK Web Archive
=859  \\$aXLD$bUK Web Archive
=985  \\$aUpdated by MS generated file for WR2302-017
=CAT  \\$a11279$b40$c20220427$lBLL01$h1117
=CAT  \\$a11279$b40$c20220427$lBLL01$h1219
=CAT  \\$a7164$b40$c20220427$lBLL01$h1346
=CAT  \\$aW2302-0174$c20230223$lBLL01$h2101
=FIN  \\$aY$d20220427
=LAS  \\$aW2302-0174$b00$c20230223$lBLL01$h2101

