=LDR  02061cai a2200421 i 4500
=001  020566965
=003  Uk
=005  20230223172921.0
=006  m\\\\\|\\d\|\\\\\\
=007  cr\|||||||||||
=008  090428c20209999enk||\||o||||||\\\a2eng\\
=FMT  \\$a  SE
=040  \\$aUk$beng$cUk$erda
=042  \\$aukblsr
=082  04$a302.231$223
=245  00$aNew Media Writing Prize.
=264  \1$a[London] :$bUK Web Archive,$c2020-
=300  \\$a1 collection of archived websites
=336  \\$atext$2rdacontent
=337  \\$acomputer$2rdamedia
=338  \\$aonline resource$2rdacarrier
=500  \\$aTitle from collection entry page (viewed April 27, 2022).
=520  \\$aThis collection includes websites for shortlisted works and winners of the New Media Writing Prize, as well as relevant online contextual information such as author's websites and blog reviews. The New Media Writing Prize was established in the UK in 2010 by Bournemouth University, with the purpose of showcasing and rewarding innovative examples of digital interactive storytelling. This collection was established in 2020-21 and curated by staff at the British Library in collaboration with staff at Bournemouth University. For more details, please refer to the New Media Writing Prize (NMWP) Collection Scoping Document on the British Library Research Repository.
=650  \0$aDigital storytelling.
=650  \0$aInteractive multimedia.
=655  \7$aWeb archives.$2fast$0(OCoLC)fst02008857
=710  2\$aBritish Library,$econtributor.
=710  2\$aBournemouth University,$econtributor.
=710  2\$aUK Web Archive,$ecollector.
=856  40$uhttps://www.webarchive.org.uk/en/ukwa/collection/2912$yUK Web Archive
=859  \\$aXLD$bUK Web Archive
=985  \\$aUpdated by MS generated file for WR2302-017
=CAT  \\$a11279$b40$c20220427$lBLL01$h1127
=CAT  \\$a11279$b40$c20220427$lBLL01$h1217
=CAT  \\$a7164$b40$c20220427$lBLL01$h1421
=CAT  \\$aW2302-0174$c20230223$lBLL01$h2101
=FIN  \\$aY$d20220427
=LAS  \\$aW2302-0174$b00$c20230223$lBLL01$h2101

