=LDR  02603cai a2200385 i 4500
=001  020566971
=003  Uk
=005  20230223172921.0
=006  m\\\\\|\\d\|\\\\\\
=007  cr\|||||||||||
=008  090428d20202020enk||\||o||||||\\\a2eng\\
=FMT  \\$a  SE
=040  \\$aUk$beng$cUk$erda
=042  \\$aukblsr
=082  04$a362.1730941$223
=245  00$aNursing in the UK.
=264  \1$a[London] :$bUK Web Archive,$c2020.
=300  \\$a1 collection of archived websites (138 web resources)
=336  \\$atext$2rdacontent
=337  \\$acomputer$2rdamedia
=338  \\$aonline resource$2rdacarrier
=500  \\$aTitle from collection entry page (viewed April 27, 2022).
=520  \\$aThis collection was started in 2020 by the Royal College of Nursing History of Nursing Forum. 2020 marked 200 years since the birth of Florence Nightingale and was designated by the World Health Organisation as the International Year of the Nurse and Midwife. Instead of celebrating these milestones, 2020 saw our nursing staff across the NHS and independent nursing at the forefront of COVID-19. Nursing is the largest profession in the UK, in 2020 there were over 700,000 registered nurses - not including nursing associates and health care professionals. Nursing first became a registered profession in the UK in 1919 and remains approximately 90% women. One in every five nurses, midwives and health visitors in the NHS is from a black and minority ethnic (BME) background. This collection aims to reflect the breadth and depth of our nursing community of practice, which is diverse in terms of geography, clinical specialisms, ethnicity and special interests. The collection includes content from the four branches of nursing - adult, children, mental health and learning disability. Individuals, specialist community networks and the history of nursing are included. It does not cover dental or veterinary nursing which are different professions. Nominations to develop in the collection are welcomed.
=650  \0$aNursing$zGreat Britain.
=655  \7$aWeb archives.$2fast$0(OCoLC)fst02008857
=710  2\$aRoyal College of Nursing (Great Britain),$econtributor.
=710  2\$aUK Web Archive,$ecollector.
=856  40$uhttps://www.webarchive.org.uk/en/ukwa/collection/3085$yUK Web Archive
=859  \\$aXLD$bUK Web Archive
=985  \\$aUpdated by MS generated file for WR2302-017
=CAT  \\$a11279$b40$c20220427$lBLL01$h1138
=CAT  \\$a7164$b40$c20220427$lBLL01$h1430
=CAT  \\$aW2302-0174$c20230223$lBLL01$h2101
=FIN  \\$aY$d20220427
=LAS  \\$aW2302-0174$b00$c20230223$lBLL01$h2101

