=LDR  01675cai a2200409 i 4500
=001  020566981
=003  Uk
=005  20230223172921.0
=006  m\\\\\|\\d\|\\\\\\
=007  cr\|||||||||||
=008  090428c20209999enk||\||o||||||\\\a2eng\\
=FMT  \\$a  SE
=040  \\$aUk$beng$cUk$erda
=042  \\$aukblsr
=082  04$a658.110941$223
=245  00$aStart Ups in the UK.
=246  1\$aStart Ups in the United Kingdom
=264  \1$a[London] :$bUK Web Archive,$c2020-
=300  \\$a1 collection of archived websites
=336  \\$atext$2rdacontent
=337  \\$acomputer$2rdamedia
=338  \\$aonline resource$2rdacarrier
=500  \\$aTitle from collection entry page (viewed April 27, 2022).
=520  \\$aThis collection is a selection of UK company websites, that were at the time of adding to the collection defined as a start up. A start up is a young company founded by one or more entrepreneurs to develop a unique product or service and bring it to market. By its nature, the typical start up tends to be a shoestring operation.
=650  \0$aNew business enterprises$zGreat Britain.
=650  \0$aNew products.
=655  \7$aWeb archives.$2fast$0(OCoLC)fst02008857
=710  2\$aUK Web Archive,$ecollector.
=856  40$uhttps://www.webarchive.org.uk/en/ukwa/collection/3064$yUK Web Archive
=859  \\$aXLD$bUK Web Archive
=985  \\$aUpdated by MS generated file for WR2302-017
=CAT  \\$a11279$b40$c20220427$lBLL01$h1152
=CAT  \\$a7164$b40$c20220427$lBLL01$h1456
=CAT  \\$a7164$b40$c20220427$lBLL01$h1513
=CAT  \\$aW2302-0174$c20230223$lBLL01$h2101
=FIN  \\$aY$d20220427
=LAS  \\$aW2302-0174$b00$c20230223$lBLL01$h2101

