=LDR  02267cai a2200409 i 4500
=001  020566986
=003  Uk
=005  20230223172921.0
=006  m\\\\\|\\d\|\\\\\\
=007  cr\|||||||||||
=008  090428c20199999enk||\||o||||||\\\a2eng\\
=FMT  \\$a  SE
=040  \\$aUk$beng$cUk$erda
=042  \\$aukblsr
=082  04$a650.02854678$223
=245  00$aUK Company Websites.
=246  1\$aUnited Kingdom Company Websites
=264  \1$a[London] :$bUK Web Archive,$c2019-
=300  \\$a1 collection of archived websites
=336  \\$atext$2rdacontent
=337  \\$acomputer$2rdamedia
=338  \\$aonline resource$2rdacarrier
=500  \\$aTitle from collection entry page (viewed April 27, 2022).
=500  \\$aIncludes subcollections: Accomodation & Food Service Activities -- Administrative & Support Services -- Agriculture, Forestry & Fishing -- Arts, Entertainment & Recreation.
=520  \\$aThis collection of UK Companies websites was initiated by Reference Specialist staff in the British Library's Business and IP Centre in 2019. According to the UK Parliament there were 5.9 million businesses in the UK in 2019. A large proportion of these have websites of some description, though increasing some businesses exist solely on social media. We cannot hope to collect all of these websites within the special collection however the we will attempt to include as many as possible, ranging from one page of a local restaurant to multipage sites of large retailers or multinational manufacturers. The structure of the collection is based on the format of the UK SIC (Standard Industrial Classification) codes but adapted for use in this particular context.
=650  \0$aBusiness$xComputer network resources.
=655  \7$aWeb archives.$2fast$0(OCoLC)fst02008857
=710  2\$aBritish Library,$econtributor.
=710  2\$aUK Web Archive,$ecollector.
=856  40$uhttps://www.webarchive.org.uk/en/ukwa/collection/3486$yUK Web Archive
=859  \\$aXLD$bUK Web Archive
=985  \\$aUpdated by MS generated file for WR2302-017
=CAT  \\$a11279$b40$c20220427$lBLL01$h1159
=CAT  \\$a7164$b40$c20220427$lBLL01$h1511
=CAT  \\$aW2302-0174$c20230223$lBLL01$h2101
=FIN  \\$aY$d20220427
=LAS  \\$aW2302-0174$b00$c20230223$lBLL01$h2101

