=LDR  02119cai a2200409 i 4500
=001  020566990
=003  Uk
=005  20230223172921.0
=006  m\\\\\|\\d\|\\\\\\
=007  cr\|||||||||||
=008  090428c20209999enk||\||o||||||\\\a2eng\\
=FMT  \\$a  SE
=040  \\$aUk$beng$cUk$erda
=042  \\$aukblsr
=082  04$a381.10941$223
=245  00$aUK retail industry :$bchanges on the high street.
=246  1\$aUnited Kingdom retail industry
=264  \1$a[London] :$bUK Web Archive,$c2020-
=300  \\$a1 collection of archived websites
=336  \\$atext$2rdacontent
=337  \\$acomputer$2rdamedia
=338  \\$aonline resource$2rdacarrier
=500  \\$aTitle from collection entry page (viewed April 27, 2022).
=500  \\$aIncludes subcollections: Clothing, Footwear & Accessories specialists -- Department stores -- Food & Groceries -- Home & Garden products -- Leisure & Entertainment -- Online Retail.
=520  \\$aThe UK retail industry has undergone dramatic change over the last decade. As consumer expectations change and societies become more driven by the need for sustainability, consumer goods and retail companies are having to transform to survive. The objective of this collection is to preserve web resources, which are expected to be of interest to future researchers. Additional criteria that inform the selection process include whether content is only published on the web, whether a website is at risk of being lost, and whether selection would result in a more comprehensive collection.
=650  \0$aRetail trade$zGreat Britain.
=655  \7$aWeb archives.$2fast$0(OCoLC)fst02008857
=710  2\$aUK Web Archive,$ecollector.
=856  40$uhttps://www.webarchive.org.uk/en/ukwa/collection/3098$yUK Web Archive
=859  \\$aXLD$bUK Web Archive
=985  \\$aUpdated by MS generated file for WR2302-017
=CAT  \\$a11279$b40$c20220427$lBLL01$h1205
=CAT  \\$a11279$b40$c20220427$lBLL01$h1215
=CAT  \\$a7164$b40$c20220427$lBLL01$h1519
=CAT  \\$aW2302-0174$c20230223$lBLL01$h2101
=FIN  \\$aY$d20220427
=LAS  \\$aW2302-0174$b00$c20230223$lBLL01$h2101

