=LDR  03367cai a2200421 i 4500
=001  020566995
=003  Uk
=005  20230223172921.0
=006  m\\\\\|\\d\|\\\\\\
=007  cr\|||||||||||
=008  090428c20189999enk||\||o||||||\\\a2eng\\
=FMT  \\$a  SE
=040  \\$aUk$beng$cUk$erda
=041  \\$aeng$awel
=042  \\$aukblsr
=082  04$a491.66$223
=245  00$aWelsh Language =$bIaith Gymraeg.
=246  31$aIaith Gymraeg
=264  \1$a[London] :$bUK Web Archive,$c2018-
=300  \\$a1 collection of archived websites
=336  \\$atext$2rdacontent
=337  \\$acomputer$2rdamedia
=338  \\$aonline resource$2rdacarrier
=500  \\$aTitle from collection entry page (viewed April 27, 2022).
=500  \\$aIncludes subcollections: Addysg a Dysgu/ Education and Learning -- Blogiau a Chyfryngau Cymdeithasol/ Blogs and Social Media -- Celfyddydau, Diwylliant a Cherddoriaeth/ Arts & Culture, Music -- Cymdeithas Digidol/ Digital Society -- Economi, Busnes a Masnach/ Economy, Business, Commerce -- Eiriolaeth, Ymgyrchu a Lobïo/ Advocacy, Campaigning, Lobbying -- Gwaith Ieuenctid, Cymunedol a Grwpiau Menywod/ Youth Work, Community Work, Women's Groups -- Hanes, Ystadegau/ History, Statistics -- Llenyddiaeth, Cyhoeddi/ Literature, Publishing -- Llywodraeth/ Government -- Newyddion, Cyfryngau, Teledu, Cyfnodolion/ News, Media, TV, Journals -- Sefydliadau ymbarél/ Umbrella organisations.
=520  \\$a2018 marks 25 years since the passing of the Welsh Language Act in 1993 which gives effect to the principle that in the conduct of public business and the administration of justice in Wales the English and Welsh languages should be treated 'on the basis of equality'. The powers given to the Secretary of State for Wales under this Act were later devolved to the National Assembly for Wales in 1997. Over the past 25 years, an underlying theme has been looking at ways to promote and facilitate the use of the Welsh language in all walks of life. This is a collection of websites relating to the Welsh language collected by the UK Web Archive. Eleni, 2018, mae'n bum mlynedd ar hugain o flynyddoedd ers i Ddeddf yr Iaith Gymraeg 1993 ddod i rym, deddf sydd yn gweithredu'r egwyddor y dylid trin y Gymraeg a'r Saesneg ar sail eu bod yn gyfartal wrth gynnal busnes cyhoeddus a gweinyddu cyfiawnder yng Nghymru. Yn ddiweddarach yn 1997, datganolwyd y grymoedd a roddwyd i Ysgrifennydd Gwladol Cymru o dan y ddeddf hon i Gynulliad Cenedlaethol Cymru. Yn ystod y pum mlynedd ar hugain ddiwethaf mae hi wedi bod yn nod sylfaenol polisi cyhoeddus yng Nghymru i edrych ar ffyrdd o hybu a hwyluso defnydd o'r Gymraeg ym mhob agwedd ar fywyd. Mae hwn yn gasgliad o wefannau sydd yn ymwneud â'r Gymraeg ac sydd wedi eu casglu gan Archif We y Deyrnas Gyfunol.
=546  \\$aWebsites in English and/or Welsh.
=650  \0$aWelsh language.
=655  \7$aWeb archives.$2fast$0(OCoLC)fst02008857
=710  2\$aUK Web Archive,$ecollector.
=856  40$uhttps://www.webarchive.org.uk/en/ukwa/collection/2132$yUK Web Archive
=859  \\$aXLD$bUK Web Archive
=985  \\$aUpdated by MS generated file for WR2302-017
=CAT  \\$a11279$b40$c20220427$lBLL01$h1214
=CAT  \\$a7164$b40$c20220427$lBLL01$h1524
=CAT  \\$aW2302-0174$c20230223$lBLL01$h2101
=FIN  \\$aY$d20220427
=LAS  \\$aW2302-0174$b00$c20230223$lBLL01$h2101

