=LDR  01655cai a2200397 i 4500
=001  019623032
=003  Uk
=005  20230223171301.0
=006  m\\\\\|\\d\|\\\\\\
=007  cr\|||||||||||
=008  090428c20059999enk||\||o||||||\\\a2eng\\
=FMT  \\$a  SE
=040  \\$aUk$beng$cUk$erda
=042  \\$aukblsr
=082  04$a820.8008$223
=245  00$a19th Century English Literature.
=246  31$aNineteenth Century English Literature.
=264  \1$a[London] :$bUK Web Archive,$c2005-
=300  \\$a1 collection of archived websites
=336  \\$atext$2rdacontent
=337  \\$acomputer$2rdamedia
=338  \\$aonline resource$2rdacarrier
=500  \\$aTitle from collection entry page (viewed November 25, 2019).
=520  \\$aResources relating to 19th century English literature and literary figures curated by staff at the British Library in the early 2000's. The collection includes websites devoted to author societies, themed events, anniversary and other news coverage, adaptations, interpretations, museums and fan sites, as well as academic sites.
=650  \0$aEnglish literature$y19th century.
=655  \7$aWeb archives.$2fast$0(OCoLC)fst02008857
=710  2\$aBritish Library,$econtributor.
=710  2\$aUK Web Archive,$ecollector.
=856  40$uhttps://www.webarchive.org.uk/en/ukwa/collection/2$yUK Web Archive
=859  \\$aXLD$bUK Web Archive
=985  \\$aUpdated by MS generated file for WR2302-017
=CAT  \\$a11433$b40$c20191125$lBLL01$h1159
=CAT  \\$a11433$b40$c20191202$lBLL01$h1214
=CAT  \\$aW2302-0174$c20230223$lBLL01$h2043
=FIN  \\$aY$d20191125
=LAS  \\$aW2302-0174$b00$c20230223$lBLL01$h2043

