=LDR  01758cai a2200373 i 4500
=001  019623050
=003  Uk
=005  20230223171301.0
=006  m\\\\\|\\d\|\\\\\\
=007  cr\|||||||||||
=008  090428c20099999enk||\||o||||||\\\a2eng\\
=FMT  \\$a  SE
=040  \\$aUk$beng$cUk$erda
=042  \\$aukblsr
=082  04$a362.6$223
=245  00$aAging.
=264  \1$a[London] :$bUK Web Archive,$c2009-
=300  \\$a1 collection of archived websites
=336  \\$atext$2rdacontent
=337  \\$acomputer$2rdamedia
=338  \\$aonline resource$2rdacarrier
=500  \\$aTitle from collection entry page (viewed November 25, 2019).
=520  \\$aThis collection looks at aging issues from a number of contexts. The collection covers health and social care, intergenerational relationships, housing, pensions and finance, social life and leisure activities, assistive technologies and the representation of older people in literature, the arts and media. Research into the biological mechanisms of aging and age-related diseases are also considered. The collection includes websites published by academic organisations, research centres, think tanks, advocacy groups, service providers and local and central government.
=650  \0$aAging$zGreat Britain.
=655  \7$aWeb archives.$2fast$0(OCoLC)fst02008857
=710  2\$aUK Web Archive,$ecollector.
=856  40$uhttps://www.webarchive.org.uk/en/ukwa/collection/2367$yUK Web Archive
=859  \\$aXLD$bUK Web Archive
=985  \\$aUpdated by MS generated file for WR2302-017
=CAT  \\$a11433$b40$c20191125$lBLL01$h1225
=CAT  \\$a11433$b40$c20191125$lBLL01$h1414
=CAT  \\$aW2302-0174$c20230223$lBLL01$h2043
=FIN  \\$aY$d20191125
=LAS  \\$aW2302-0174$b00$c20230223$lBLL01$h2043

