=LDR  01314cai a2200361 i 4500
=001  019623064
=003  Uk
=005  20230223171301.0
=006  m\\\\\|\\d\|\\\\\\
=007  cr\|||||||||||
=008  090428c20179999enk||\||o||||||\\\a2eng\\
=FMT  \\$a  SE
=040  \\$aUk$beng$cUk$erda
=042  \\$aukblsr
=082  04$a362.8400941$223
=245  00$aBlack and Asian Britain.
=264  \1$a[London] :$bUK Web Archive,$c2017-
=300  \\$a1 collection of archived websites
=336  \\$atext$2rdacontent
=337  \\$acomputer$2rdamedia
=338  \\$aonline resource$2rdacarrier
=500  \\$aTitle from collection entry page (viewed November 25, 2019).
=520  \\$aCollection focussing on Black and Asian communities and culture in the UK as well as the history of the Black and Asian presence in the UK.
=650  \0$aMinorities$zGreat Britain$xHistory.
=655  \7$aWeb archives.$2fast$0(OCoLC)fst02008857
=710  2\$aUK Web Archive,$ecollector.
=856  40$uhttps://www.webarchive.org.uk/en/ukwa/collection/1107$yUK Web Archive
=859  \\$aXLD$bUK Web Archive
=985  \\$aUpdated by MS generated file for WR2302-017
=CAT  \\$a11433$b40$c20191125$lBLL01$h1249
=CAT  \\$aW2302-0174$c20230223$lBLL01$h2043
=FIN  \\$aY$d20191125
=LAS  \\$aW2302-0174$b00$c20230223$lBLL01$h2043

