=LDR  01913cai a2200385 i 4500
=001  019623107
=003  Uk
=005  20230223171301.0
=006  m\\\\\|\\d\|\\\\\\
=007  cr\|||||||||||
=008  090428c20059999enk||\||o||||||\\\a2eng\\
=FMT  \\$a  SE
=040  \\$aUk$beng$cUk$erda
=042  \\$aukblsr
=082  04$a302.2310941$223
=245  00$aBlogs.
=264  \1$a[London] :$bUK Web Archive,$c2005-
=300  \\$a1 collection of archived websites
=336  \\$atext$2rdacontent
=337  \\$acomputer$2rdamedia
=338  \\$aonline resource$2rdacarrier
=500  \\$aTitle from collection entry page (viewed November 25, 2019).
=520  \\$aThe UK Blogosphere (connected community of Web logs) has burgeoned since the late 1990s and early 2000s, due in part to the advent of web publishing tools that facilitated the posting of content by non-technical users. Until 2009 Blogs were generally the work of a single author, in the 2010s Multi Author Blogs (MABs) developed. This collection curated by staff at the British Library from 2005 onwards, represents a cross section of UK Web logs containing a wealth of material which will be of value to researchers now and in the future. The collection contains a wide variety of Blogs from news and political commentaries, sports and music Blogs to personal online diaries.
=650  \0$aBlogs$zGreat Britain.
=655  \7$aWeb archives.$2fast$0(OCoLC)fst02008857
=710  2\$aBritish Library,$econtributor.
=710  2\$aUK Web Archive,$ecollector.
=856  40$uhttps://www.webarchive.org.uk/en/ukwa/collection/44$yUK Web Archive
=859  \\$aXLD$bUK Web Archive
=985  \\$aUpdated by MS generated file for WR2302-017
=CAT  \\$a11433$b40$c20191125$lBLL01$h1408
=CAT  \\$a11279$b40$c20210323$lBLL01$h0947
=CAT  \\$aW2302-0174$c20230223$lBLL01$h2043
=FIN  \\$aY$d20191125
=LAS  \\$aW2302-0174$b00$c20230223$lBLL01$h2043

