=LDR  02213cai a2200493 i 4500
=001  019626120
=003  Uk
=005  20230223171305.0
=006  m\\\\\|\\d\|\\\\\\
=007  cr\|||||||||||
=008  090428c20059999enk||\||o||||||\\\a2eng\\
=FMT  \\$a  SE
=040  \\$aUk$beng$cUk$erda
=042  \\$aukblsr
=082  04$a333.70941$223
=245  00$aBritish countryside.
=264  \1$a[London] :$bUK Web Archive,$c2005-
=300  \\$a1 collection of archived websites
=336  \\$atext$2rdacontent
=337  \\$acomputer$2rdamedia
=338  \\$aonline resource$2rdacarrier
=500  \\$aTitle from collection entry page (viewed November 27, 2019).
=520  \\$aCollection of Internet sites selected by staff at the British Library in the early 2000's around the theme of British Countryside intended to reflect a wide range of related issues such as rural economy, environment, wildlife, art, history and politics. Sites represent organisations such as wildlife groups; academic think tanks; agricultural consultants; national countryside groups, campaigning groups and tourist boards amongst others.
=650  \0$aRural development$zGreat Britain.
=650  \0$aRural development$xEnvironmental aspects$zGreat Britain.
=650  \0$aNature conservation$zGreat Britain.
=650  \0$aWildlife conservation$zGreat Britain.
=650  \0$aAgriculture$xEnvironmental aspects$zGreat Britain.
=650  \0$aAgriculture$xEconomic aspects$zGreat Britain.
=650  \0$aCountry life$zGreat Britain.
=650  \0$aEnvironmental policy$zGreat Britain.
=650  \0$aNatural history$zGreat Britain.
=651  \0$aGreat Britain$xRural conditions.
=651  \0$aGreat Britain$xEnvironmental conditions.
=655  \7$aWeb archives.$2fast$0(OCoLC)fst02008857
=710  2\$aBritish Library,$econtributor.
=710  2\$aUK Web Archive,$ecollector.
=856  40$uhttps://www.webarchive.org.uk/en/ukwa/collection/2429$yUK Web Archive
=859  \\$aXLD$bUK Web Archive
=985  \\$aUpdated by MS generated file for WR2302-017
=CAT  \\$a11433$b40$c20191127$lBLL01$h1655
=CAT  \\$aW2302-0174$c20230223$lBLL01$h2043
=FIN  \\$aY$d20191127
=LAS  \\$aW2302-0174$b00$c20230223$lBLL01$h2043

