=LDR  01929cai a2200373 i 4500
=001  019631770
=003  Uk
=005  20230223171309.0
=006  m\\\\\|\\d\|\\\\\\
=007  cr\|||||||||||
=008  090428c20149999enk||\||o||||||\\\a2eng\\
=FMT  \\$a  SE
=040  \\$aUk$beng$cUk$erda
=042  \\$aukblsr
=082  04$a321.08$223
=245  00$aBritish Overseas Territories.
=264  \1$a[London] :$bUK Web Archive,$c2014-
=300  \\$a1 collection of archived websites
=336  \\$atext$2rdacontent
=337  \\$acomputer$2rdamedia
=338  \\$aonline resource$2rdacarrier
=500  \\$aTitle from collection entry page (viewed December 2, 2019).
=520  \\$aThis is a collection of archived websites published in, and with information relating to, the British Overseas Territories (BOTS). The collection has been curated by staff at the British Library beginning in 2014. The British Overseas Territories (BOTs) are fourteen territories under the jurisdiction and sovereignty of the United Kingdom, although they do not form part of the United Kingdom. Most of the permanently inhabited territories are internally self-governing, with the UK retaining responsibility for defence and foreign relations. Three are inhabited only by a transitory population of military or scientific personnel. They all share the British monarch (Elizabeth II) as head of state.
=651  \0$aGreat Britain$xTerritories and possessions.
=655  \7$aWeb archives.$2fast$0(OCoLC)fst02008857
=710  2\$aBritish Library,$econtributor.
=710  2\$aUK Web Archive,$ecollector.
=856  40$uhttps://www.webarchive.org.uk/en/ukwa/collection/1090$yUK Web Archive
=859  \\$aXLD$bUK Web Archive
=985  \\$aUpdated by MS generated file for WR2302-017
=CAT  \\$a11433$b40$c20191202$lBLL01$h1114
=CAT  \\$aW2302-0174$c20230223$lBLL01$h2043
=FIN  \\$aY$d20191202
=LAS  \\$aW2302-0174$b00$c20230223$lBLL01$h2043

