=LDR  02028cai a2200409 i 4500
=001  019631809
=003  Uk
=005  20230223171310.0
=006  m\\\\\|\\d\|\\\\\\
=007  cr\|||||||||||
=008  090428c20139999enk||\||o||||||\\\a2eng\\
=FMT  \\$a  SE
=040  \\$aUk$beng$cUk$erda
=042  \\$aukblsr
=082  04$a792.76028$223
=245  00$aBritish Stand-up Comedy Archive.
=264  \1$a[London] :$bUK Web Archive,$c2013-
=300  \\$a1 collection of archived websites
=336  \\$atext$2rdacontent
=337  \\$acomputer$2rdamedia
=338  \\$aonline resource$2rdacarrier
=500  \\$aTitle from collection entry page (viewed December 2, 2019).
=500  \\$aIncludes subcollections: Agents and Production companies--Comedians--History of stand-up comedy--Linda Smith Collection--Mark Thomas Collection--Researching stand-up comedy--Richard Herring--Stand-up news, listings and reviews--Venues and Festivals.
=520  \\$aThe British Stand-Up Comedy Archive was established at the University of Kent in 2013 to celebrate, preserve, and provide access to the archives and records of British stand-up comedy and comedians. This Collection of websites has been curated by the BSUCA's Archivist to complement the physical collections held at the University of Kent.
=650  \0$aStand-up comedy$zGreat Britain.
=655  \7$aWeb archives.$2fast$0(OCoLC)fst02008857
=710  2\$aUniversity of Kent.$bBritish Stand-Up Comedy Archive,$econtributor.
=710  2\$aUK Web Archive,$ecollector.
=856  40$uhttps://www.webarchive.org.uk/en/ukwa/collection/329$yUK Web Archive
=859  \\$aXLD$bUK Web Archive
=985  \\$a710/0 = new heading, see https://www.kent.ac.uk/library/specialcollections/standupcomedy/index.html
=985  \\$aUpdated by MS generated file for WR2302-017
=CAT  \\$a11433$b40$c20191202$lBLL01$h1204
=CAT  \\$a7332$b40$c20200311$lBLL01$h1050
=CAT  \\$aW2302-0174$c20230223$lBLL01$h2043
=FIN  \\$aY$d20191202
=LAS  \\$aW2302-0174$b00$c20230223$lBLL01$h2043

