=LDR  01925cai a2200397 i 4500
=001  019631914
=003  Uk
=005  20230223171310.0
=006  m\\\\\|\\d\|\\\\\\
=007  cr\|||||||||||
=008  090428c20189999enk||\||o||||||\\\a2eng\\
=FMT  \\$a  SE
=040  \\$aUk$beng$cUk$erda
=042  \\$aukblsr
=082  04$a304.8410729$223
=245  00$aCaribbean Communities in the UK.
=264  \1$a[London] :$bUK Web Archive,$c2018-
=300  \\$a1 collection of archived websites
=336  \\$atext$2rdacontent
=337  \\$acomputer$2rdamedia
=338  \\$aonline resource$2rdacarrier
=500  \\$aTitle from collection entry page (viewed December 2, 2019).
=500  \\$aIncludes subcollections: Arts, Literature and Music--Race Relations--Slavery--West Indies in WWI and WWII--Windrush.
=520  \\$a2018 marked 70 years since the Empire Windrush carried hundreds of Caribbean migrants to Britain. This collection of websites was initiated to accompany an exhibtion hosted by the British Library entitled "Windrush: Songs in a Strange Land" which explored why people came, what they left behind and how they went on to shape Britain. The website collection includes (but is not restricted to) themes such as 'Windrush'; Arts, Literature and Music; Race Relations, West Indies in WWI and WWII.
=651  \0$aGreat Britain$xEmigration and immigration.
=651  \0$aCaribbean area$xEmigration and immigration.
=655  \7$aWeb archives.$2fast$0(OCoLC)fst02008857
=710  2\$aBritish Library,$econtributor.
=710  2\$aUK Web Archive,$ecollector.
=856  40$uhttps://www.webarchive.org.uk/en/ukwa/collection/2131$yUK Web Archive
=859  \\$aXLD$bUK Web Archive
=985  \\$aUpdated by MS generated file for WR2302-017
=CAT  \\$a11433$b40$c20191202$lBLL01$h1415
=CAT  \\$aW2302-0174$c20230223$lBLL01$h2043
=FIN  \\$aY$d20191202
=LAS  \\$aW2302-0174$b00$c20230223$lBLL01$h2043

