=LDR  01657cai a2200397 i 4500
=001  019631976
=003  Uk
=005  20230223171310.0
=006  m\\\\\|\\d\|\\\\\\
=007  cr\|||||||||||
=008  090428c20159999enk||\||o||||||\\\a2eng\\
=FMT  \\$a  SE
=040  \\$aUk$beng$cUk$erda
=042  \\$aukblsr
=082  04$a363.73874$223
=245  00$aClimate Change.
=264  \1$a[London] :$bUK Web Archive,$c2015-
=300  \\$a1 collection of archived websites (146 web resources).
=336  \\$atext$2rdacontent
=337  \\$acomputer$2rdamedia
=338  \\$aonline resource$2rdacarrier
=500  \\$aTitle from collection entry page (viewed December 2, 2019).
=520  \\$aThis collection was curated by a science policy intern at the British Library in 2015 and consists of websites from different societal groups that have an active interest in the area of Climate Change. It includes websites of academics; the energy sector; policy makers; special interest groups; the media and members of the public.
=650  \0$aClimatic changes$zGreat Britain.
=655  \7$aWeb archives.$2fast$0(OCoLC)fst02008857
=710  2\$aBritish Library,$econtributor.
=710  2\$aUK Web Archive,$ecollector.
=856  40$uhttps://www.webarchive.org.uk/en/ukwa/collection/369$yUK Web Archive
=859  \\$aXLD$bUK Web Archive
=985  \\$aUpdated by MS generated file for WR2302-017
=CAT  \\$a11433$b40$c20191202$lBLL01$h1625
=CAT  \\$a11279$b40$c20200227$lBLL01$h1646
=CAT  \\$a11279$b40$c20220309$lBLL01$h1503
=CAT  \\$aW2302-0174$c20230223$lBLL01$h2043
=FIN  \\$aY$d20200227
=LAS  \\$aW2302-0174$b00$c20230223$lBLL01$h2043

