=LDR  01971cai a2200457 i 4500
=001  019631977
=003  Uk
=005  20230223171310.0
=006  m\\\\\|\\d\|\\\\\\
=007  cr\|||||||||||
=008  090428c20059999enk||\||o||||||\\\a2eng\\
=FMT  \\$a  SE
=040  \\$aUk$beng$cUk$erda
=042  \\$aukblsr
=082  04$a942.37$223
=245  00$aCornwall.
=264  \1$a[London] :$bUK Web Archive,$c2005-
=300  \\$a1 collection of archived websites
=336  \\$atext$2rdacontent
=337  \\$acomputer$2rdamedia
=338  \\$aonline resource$2rdacarrier
=500  \\$aTitle from collection entry page (viewed December 2, 2019).
=520  \\$aThis collection of websites, curated by staff at the British Library from 2005 onwards, focuses on Cornwall, the most south westerly county in the UK. It is intended to reflect a wide range of related issues such as economy, environment, culture, language, tourism and campaigning groups such as the self governing movement. The collection is ongoing.
=651  \0$aCornwall (England : County)$xCivilization.
=651  \0$aCornwall (England : County)$xPolitics and government.
=651  \0$aCornwall (England : County)$xSocial life and customs.
=651  \0$aCornwall (England : County)$xEconomic conditions.
=651  \0$aCornwall (England : County)$xEnvironmental conditions.
=650  \0$aCornish language.
=650  \0$aTourism$zEngland$zCornwall (County)
=650  \0$aArts$zEngland$zCornwall (County)
=655  \7$aWeb archives.$2fast$0(OCoLC)fst02008857
=710  2\$aBritish Library,$econtributor.
=710  2\$aUK Web Archive,$ecollector.
=856  40$uhttps://www.webarchive.org.uk/en/ukwa/collection/2430$yUK Web Archive
=859  \\$aXLD$bUK Web Archive
=985  \\$aUpdated by MS generated file for WR2302-017
=CAT  \\$a11433$b40$c20191202$lBLL01$h1635
=CAT  \\$aW2302-0174$c20230223$lBLL01$h2043
=FIN  \\$aY$d20191202
=LAS  \\$aW2302-0174$b00$c20230223$lBLL01$h2043

