=LDR  01579cai a2200373 i 4500
=001  019631982
=003  Uk
=005  20230223171310.0
=006  m\\\\\|\\d\|\\\\\\
=007  cr\|||||||||||
=008  090428d20082010enk||\||o||||||\\\a2eng\\
=FMT  \\$a  SE
=040  \\$aUk$beng$cUk$erda
=042  \\$aukblsr
=082  04$a330.9410861$223
=245  00$aCredit Crunch.
=264  \1$a[London] :$bUK Web Archive,$c2008-2010.
=300  \\$a1 collection of archived websites (419 web resources)
=336  \\$atext$2rdacontent
=337  \\$acomputer$2rdamedia
=338  \\$aonline resource$2rdacarrier
=500  \\$aTitle from collection entry page (viewed December 2, 2019).
=520  \\$aThis collection of websites, covering the period July 2008 to January 2010 was initiated by staff at the British Library to reflect how the UK has been affected by the global financial crisis. The collection includes the websites of banks, corporations, local governments, consumer and financial advisory groups as well as blogs and commentaries.
=650  \0$aFinancial crises$zGreat Britain.
=655  \7$aWeb archives.$2fast$0(OCoLC)fst02008857
=710  2\$aBritish Library,$econtributor.
=710  2\$aUK Web Archive,$ecollector.
=856  40$uhttps://www.webarchive.org.uk/en/ukwa/collection/2456$yUK Web Archive
=859  \\$aXLD$bUK Web Archive
=985  \\$aUpdated by MS generated file for WR2302-017
=CAT  \\$a11433$b40$c20191202$lBLL01$h1713
=CAT  \\$aW2302-0174$c20230223$lBLL01$h2043
=FIN  \\$aY$d20191202
=LAS  \\$aW2302-0174$b00$c20230223$lBLL01$h2043

