=LDR  01646cai a2200385 i 4500
=001  019631984
=003  Uk
=005  20230223171310.0
=006  m\\\\\|\\d\|\\\\\\
=007  cr\|||||||||||
=008  090428d20082009enk||\||o||||||\\\a2eng\\
=FMT  \\$a  SE
=040  \\$aUk$beng$cUk$erda
=042  \\$aukblsr
=082  04$a576.82092$223
=245  00$aDarwin 200.
=264  \1$a[London] :$bUK Web Archive,$c2008-2009.
=300  \\$a1 collection of archived websites (24 web resources)
=336  \\$atext$2rdacontent
=337  \\$acomputer$2rdamedia
=338  \\$aonline resource$2rdacarrier
=500  \\$aTitle from collection entry page (viewed December 2, 2019).
=520  \\$aThe year 2009 marked the 200th anniversary of the birth of evolutionary biologist Charles Darwin and the 150th anniversary of the publication of his seminal work, 'On the Origin of Species'. A series of events was held globally to celebrate the 'Year of Darwin 2009' and to promote science in general. This collection of websites was curated by staff at the British Library.
=600  10$aDarwin, Charles,$d1809-1882.
=655  \7$aWeb archives.$2fast$0(OCoLC)fst02008857
=710  2\$aBritish Library,$econtributor.
=710  2\$aUK Web Archive,$ecollector.
=856  40$uhttps://www.webarchive.org.uk/en/ukwa/collection/2434$yUK Web Archive
=859  \\$aXLD$bUK Web Archive
=985  \\$aUpdated by MS generated file for WR2302-017
=CAT  \\$a11433$b40$c20191202$lBLL01$h1732
=CAT  \\$a11279$b40$c20210323$lBLL01$h0951
=CAT  \\$aW2302-0174$c20230223$lBLL01$h2043
=FIN  \\$aY$d20191202
=LAS  \\$aW2302-0174$b00$c20230223$lBLL01$h2043

