=LDR  01519cai a2200373 i 4500
=001  019632551
=003  Uk
=005  20230223171311.0
=006  m\\\\\|\\d\|\\\\\\
=007  cr\|||||||||||
=008  090428d20122012enk||\||o||||||\\\a2eng\\
=FMT  \\$a  SE
=040  \\$aUk$beng$cUk$erda
=042  \\$aukblsr
=082  04$a823.8$223
=245  00$aDickens Bicentenary.
=264  \1$a[London] :$bUK Web Archive,$c2012.
=300  \\$a1 collection of archived websites (12 web resources)
=336  \\$atext$2rdacontent
=337  \\$acomputer$2rdamedia
=338  \\$aonline resource$2rdacarrier
=500  \\$aTitle from collection entry page (viewed December 3, 2019).
=520  \\$aThe year 2012 marked the 200th anniversary of the birth of author Charles Dickens, one of the best known and best loved authors in English Literature. A series of events was held globally to celebrate Dicken's bicentenary. This collection of websites was curated by staff at the British Library.
=600  10$aDickens, Charles,$d1812-1870.
=655  \7$aWeb archives.$2fast$0(OCoLC)fst02008857
=710  2\$aBritish Library,$econtributor.
=710  2\$aUK Web Archive,$ecollector.
=856  40$uhttps://www.webarchive.org.uk/en/ukwa/collection/2378$yUK Web Archive
=859  \\$aXLD$bUK Web Archive
=985  \\$aUpdated by MS generated file for WR2302-017
=CAT  \\$a11433$b40$c20191203$lBLL01$h1224
=CAT  \\$aW2302-0174$c20230223$lBLL01$h2043
=FIN  \\$aY$d20191203
=LAS  \\$aW2302-0174$b00$c20230223$lBLL01$h2043

