=LDR  01746cai a2200385 i 4500
=001  019632641
=003  Uk
=005  20230223171311.0
=006  m\\\\\|\\d\|\\\\\\
=007  cr\|||||||||||
=008  090428c20159999enk||\||o||||||\\\a2eng\\
=FMT  \\$a  SE
=040  \\$aUk$beng$cUk$erda
=042  \\$aukblsr
=082  04$a352.140941$223
=245  00$aDistrict Councils.
=264  \1$a[London] :$bUK Web Archive,$c2015-
=300  \\$a1 collection of archived websites
=336  \\$atext$2rdacontent
=337  \\$acomputer$2rdamedia
=338  \\$aonline resource$2rdacarrier
=500  \\$aTitle from collection entry page (viewed December 3, 2019).
=500  \\$aIncludes subcollections: Ashford Borough Council--Broxbourne Borough Council--Gravesham Borough Council--Guildford Borough Council--Hertsmere Borough Council--Maidstone Borough Council--Swale Borough Council--Tonbridge and Malling Borough Council--Tunbridge Wells Borough Council--Watford Borough Council.
=520  \\$aWebsites offering information about the services provided by Borough Councils together with minutes and papers presented to Committees. This collection was curated by staff at the British Library from 2015 onwards.
=650  \0$aLocal government$zGreat Britain.
=655  \7$aWeb archives.$2fast$0(OCoLC)fst02008857
=710  2\$aBritish Library,$econtributor.
=710  2\$aUK Web Archive,$ecollector.
=856  40$uhttps://www.webarchive.org.uk/en/ukwa/collection/629$yUK Web Archive
=859  \\$aXLD$bUK Web Archive
=985  \\$aUpdated by MS generated file for WR2302-017
=CAT  \\$a11433$b40$c20191203$lBLL01$h1407
=CAT  \\$aW2302-0174$c20230223$lBLL01$h2043
=FIN  \\$aY$d20191203
=LAS  \\$aW2302-0174$b00$c20230223$lBLL01$h2043

