=LDR  01958cai a2200373 i 4500
=001  019641462
=003  Uk
=005  20230223171321.0
=006  m\\\\\|\\d\|\\\\\\
=007  cr\|||||||||||
=008  090428c20059999enk||\||o||||||\\\a2eng\\
=FMT  \\$a  SE
=040  \\$aUk$beng$cUk$erda
=042  \\$aukblsr
=082  04$a070.5797$223
=245  00$aE-publishing Trends/Emerging Formats.
=264  \1$a[London] :$bUK Web Archive,$c2005-
=300  \\$a1 collection of archived websites
=336  \\$atext$2rdacontent
=337  \\$acomputer$2rdamedia
=338  \\$aonline resource$2rdacarrier
=500  \\$aTitle from collection entry page (viewed December 9, 2019).
=520  \\$aElectronic publishing refers to the digital publication of e-books and electronic articles and to the development of digital libraries and catalogues. E-publishing is a growing phenomenon which uses innovative technologies to enable individuals, scholars and communities to establish contacts, exchange data, and share knowledge. Many works, especially scientific journals and popular works of fiction are increasingly only published online. This collection of websites, curated by staff at the British Library, is intended to reflect this growing trend and includes e-books, a publisher's online addenda to a printed book, an experiment in the novel as a blog and sites about the impact of digital technologies upon writing.
=650  \0$aElectronic publishing$zGreat Britain.
=655  \7$aWeb archives.$2fast$0(OCoLC)fst02008857
=710  2\$aBritish Library,$econtributor.
=710  2\$aUK Web Archive,$ecollector.
=856  40$uhttps://www.webarchive.org.uk/en/ukwa/collection/2431$yUK Web Archive
=859  \\$aXLD$bUK Web Archive
=985  \\$aUpdated by MS generated file for WR2302-017
=CAT  \\$a11433$b40$c20191209$lBLL01$h1113
=CAT  \\$aW2302-0174$c20230223$lBLL01$h2043
=FIN  \\$aY$d20191209
=LAS  \\$aW2302-0174$b00$c20230223$lBLL01$h2043

