=LDR  01410cai a2200385 i 4500
=001  019641582
=003  Uk
=005  20230223171321.0
=006  m\\\\\|\\d\|\\\\\\
=007  cr\|||||||||||
=008  090428c20129999enk||\||o||||||\\\a2eng\\
=FMT  \\$a  SE
=040  \\$aUk$beng$cUk$erda
=042  \\$aukblsr
=082  04$a391$223
=245  00$aFashion.
=264  \1$a[London] :$bUK Web Archive,$c2012-
=300  \\$a1 collection of archived websites
=336  \\$atext$2rdacontent
=337  \\$acomputer$2rdamedia
=338  \\$aonline resource$2rdacarrier
=500  \\$aTitle from collection entry page (viewed December 9, 2019).
=520  \\$aWebsites selected around the theme of fashion including the history of fashion, the fashion business and style blogs. Curated by staff at the British Library from 2012 onwards.
=650  \0$aFashion$zGreat Britain.
=655  \7$aWeb archives.$2fast$0(OCoLC)fst02008857
=710  2\$aBritish Library,$econtributor.
=710  2\$aUK Web Archive,$ecollector.
=856  40$uhttps://www.webarchive.org.uk/en/ukwa/collection/2392$yUK Web Archive
=859  \\$aXLD$bUK Web Archive
=985  \\$aUpdated by MS generated file for WR2302-017
=CAT  \\$a11433$b40$c20191209$lBLL01$h1507
=CAT  \\$a11433$b40$c20191209$lBLL01$h1509
=CAT  \\$aW2302-0174$c20230223$lBLL01$h2043
=FIN  \\$aY$d20191209
=LAS  \\$aW2302-0174$b00$c20230223$lBLL01$h2043

