=LDR  01728cai a2200373 i 4500
=001  019641594
=003  Uk
=005  20230223171321.0
=006  m\\\\\|\\d\|\\\\\\
=007  cr\|||||||||||
=008  090428c20189999enk||\||o||||||\\\a2eng\\
=FMT  \\$a  SE
=040  \\$aUk$beng$cUk$erda
=042  \\$aukblsr
=082  04$a394.26$223
=245  00$aFestivals.
=264  \1$a[London] :$bUK Web Archive,$c2018-
=300  \\$a1 collection of archived websites
=336  \\$atext$2rdacontent
=337  \\$acomputer$2rdamedia
=338  \\$aonline resource$2rdacarrier
=500  \\$aTitle from collection entry page (viewed December 9, 2019).
=500  \\$aIncludes subcollections: Animals and nature--Art and design--Film Festivals--Food and drinks--Health and wellbeing--Historical and vintage--Literary Festivals--Music Festivals--Performing arts--Political activism and charity--Religious, cultural and community--Royal National Mòd / Mòd Naìseanta Rìoghail--Science and technology--Sports and hobbies--Transportation and motors.
=520  \\$aA collection of websites related to the various festivals that take place around the UK. This collection was initiated by staff at the Legal Deposit Libraries in 2018 and is ongoing.
=650  \0$aFestivals$zGreat Britain.
=655  \7$aWeb archives.$2fast$0(OCoLC)fst02008857
=710  2\$aUK Web Archive,$ecollector.
=856  40$uhttps://www.webarchive.org.uk/en/ukwa/collection/1837$yUK Web Archive
=859  \\$aXLD$bUK Web Archive
=985  \\$aUpdated by MS generated file for WR2302-017
=CAT  \\$a11433$b40$c20191209$lBLL01$h1616
=CAT  \\$aW2302-0174$c20230223$lBLL01$h2043
=FIN  \\$aY$d20191209
=LAS  \\$aW2302-0174$b00$c20230223$lBLL01$h2043

