=LDR  01923cai a2200385 i 4500
=001  019641598
=003  Uk
=005  20230223171321.0
=006  m\\\\\|\\d\|\\\\\\
=007  cr\|||||||||||
=008  090428d20132019enk||\||o||||||\\\a2eng\\
=FMT  \\$a  SE
=040  \\$aUk$beng$cUk$erda
=042  \\$aukblsr
=082  04$a940.341$223
=245  00$aFirst World War Centenary, 2014-18.
=264  \1$a[London] :$bUK Web Archive,$c2013-2019.
=300  \\$a1 collection of archived websites (902 web resources)
=336  \\$atext$2rdacontent
=337  \\$acomputer$2rdamedia
=338  \\$aonline resource$2rdacarrier
=500  \\$aTitle from collection entry page (viewed December 9, 2019).
=500  \\$aIncludes subcollections: Heritage Lottery Fund.
=520  \\$aThis collection includes a huge variety of websites related to the First World War (1914-1918), particularly the various events which took place in the Centenary period 2014-2018. The collection also includes resources about the history of the war; academic sites on the meaning of the conflict in modern memory and patterns of memorialisation and critical reflections on British involvement in armed conflict more generally. Staff at the British Library worked with the Heritage Lottery Fund to take archival copies of the websites of all HLF-funded First World War Centenary projects.
=650  \0$aWorld War, 1914-1918$zGreat Britain$xAnniversaries, etc.
=655  \7$aWeb archives.$2fast$0(OCoLC)fst02008857
=710  2\$aBritish Library,$econtributor.
=710  2\$aUK Web Archive,$ecollector.
=856  40$uhttps://www.webarchive.org.uk/en/ukwa/collection/114$yUK Web Archive
=859  \\$aXLD$bUK Web Archive
=985  \\$aUpdated by MS generated file for WR2302-017
=CAT  \\$a11433$b40$c20191209$lBLL01$h1636
=CAT  \\$aW2302-0174$c20230223$lBLL01$h2043
=FIN  \\$aY$d20191209
=LAS  \\$aW2302-0174$b00$c20230223$lBLL01$h2043

