=LDR  01785cai a2200385 i 4500
=001  019641600
=003  Uk
=005  20230223171321.0
=006  m\\\\\|\\d\|\\\\\\
=007  cr\|||||||||||
=008  090428c20179999enk||\||o||||||\\\a2eng\\
=FMT  \\$a  SE
=040  \\$aUk$beng$cUk$erda
=042  \\$aukblsr
=082  04$a641.3$223
=245  00$aFood Archive.
=264  \1$a[London] :$bUK Web Archive,$c2017-
=300  \\$a1 collection of archived websites
=336  \\$atext$2rdacontent
=337  \\$acomputer$2rdamedia
=338  \\$aonline resource$2rdacarrier
=500  \\$aTitle from collection entry page (viewed December 9, 2019).
=500  \\$aIncludes subcollections: Cookery and Recipes--Diet and Health--Food Activism--Food History--Food Politics and Policy--Food Production (including farming, manufacture, packaging, logistics, marketing and retail)--Food Research--Restaurants and Eating Out.
=520  \\$aA food related collection initiated in 2017 by staff at the British Library, covering these topics: Food Production (including farming, manufacture, packaging, logistics, marketing and retail) Cookery and Recipes, Food History, Food Activism, Food Politics and Policy Diet and Health Restaurants and Eating Out Food Research.
=650  \0$aFood$zGreat Britain.
=655  \7$aWeb archives.$2fast$0(OCoLC)fst02008857
=710  2\$aBritish Library,$econtributor.
=710  2\$aUK Web Archive,$ecollector.
=856  40$uhttps://www.webarchive.org.uk/en/ukwa/collection/1092$yUK Web Archive
=859  \\$aXLD$bUK Web Archive
=985  \\$aUpdated by MS generated file for WR2302-017
=CAT  \\$a11433$b40$c20191209$lBLL01$h1644
=CAT  \\$aW2302-0174$c20230223$lBLL01$h2043
=FIN  \\$aY$d20191209
=LAS  \\$aW2302-0174$b00$c20230223$lBLL01$h2043

