=LDR  01990cai a2200361 i 4500
=001  019641606
=003  Uk
=005  20230223171321.0
=006  m\\\\\|\\d\|\\\\\\
=007  cr\|||||||||||
=008  090428c20059999enk||\||o||||||\\\a2eng\\
=FMT  \\$a  SE
=040  \\$aUk$beng$cUk$erda
=042  \\$aukblsr
=082  04$a280.4$223
=245  00$aIndependent and free churches in England.
=264  \1$a[London] :$bUK Web Archive,$c2005-
=300  \\$a1 collection of archived websites
=336  \\$atext$2rdacontent
=337  \\$acomputer$2rdamedia
=338  \\$aonline resource$2rdacarrier
=500  \\$aTitle from collection entry page (viewed December 9, 2019).
=520  \\$aThis collection of websites has been selected around the theme of Free Church religion. The Free Churches (successively known in previous generations as Dissenters and Nonconformists) formally emerged in the seventeenth century. They originally comprised individuals and denominations refusing to conform to the doctrines and practices of the Church of England but have come to include a large number of evangelical and renewal movements which have grown up quite independently of the established Church. Most, but not all, of them are trinitarian. The major categories, in terms of numerical strength, currently comprise Baptist, Methodist, Reformed and Pentecostal. In addition to the websites included in this collection, there is a separate special collection for the Religious Society of Friends (Quakers).
=650  \0$aFree churches$zGreat Britain.
=655  \7$aWeb archives.$2fast$0(OCoLC)fst02008857
=710  2\$aUK Web Archive,$ecollector.
=856  40$uhttps://www.webarchive.org.uk/en/ukwa/collection/2437$yUK Web Archive
=859  \\$aXLD$bUK Web Archive
=985  \\$aUpdated by MS generated file for WR2302-017
=CAT  \\$a11433$b40$c20191209$lBLL01$h1723
=CAT  \\$aW2302-0174$c20230223$lBLL01$h2043
=FIN  \\$aY$d20191209
=LAS  \\$aW2302-0174$b00$c20230223$lBLL01$h2043

