=LDR  01548cai a2200409 i 4500
=001  019669001
=003  Uk
=005  20230223171356.0
=006  m\\\\\|\\d\|\\\\\\
=007  cr\|||||||||||
=008  090428d20052005enk||\||o||||||\\\a2eng\\
=FMT  \\$a  SE
=040  \\$aUk$beng$cUk$erda
=042  \\$aukblsr
=082  04$a341.2$223
=245  00$aG8 summit 2005.
=264  \1$a[London] :$bUK Web Archive,$c2005.
=300  \\$a1 collection of archived websites (7 web resources).
=336  \\$atext$2rdacontent
=337  \\$acomputer$2rdamedia
=338  \\$aonline resource$2rdacarrier
=500  \\$aTitle from collection entry page (viewed January 9, 2020).
=520  \\$aSelection of web sites relating to the summit of the G8 leaders held at Gleneagles, Scotland, 6th - 8th July 2005, curated by staff at the National Library of Scotland.
=650  \0$aSummit meetings$zGreat Britain.
=655  \7$aWeb archives.$2fast$0(OCoLC)fst02008857
=710  2\$aNational Library of Scotland,$econtributor.
=710  2\$aUK Web Archive,$ecollector.
=856  40$uhttps://www.webarchive.org.uk/en/ukwa/collection/2398$yUK Web Archive
=859  \\$aXLD$bUK Web Archive
=985  \\$aUpdated by MS generated file for WR2302-017
=CAT  \\$a11433$b40$c20200109$lBLL01$h1518
=CAT  \\$a11433$b40$c20200109$lBLL01$h1555
=CAT  \\$a11433$b40$c20200131$lBLL01$h1624
=CAT  \\$a11433$b40$c20200131$lBLL01$h1625
=CAT  \\$aW2302-0174$c20230223$lBLL01$h2044
=FIN  \\$aY$d20200131
=LAS  \\$aW2302-0174$b00$c20230223$lBLL01$h2044

