=LDR  01863cai a2200397 i 4500
=001  019669037
=003  Uk
=005  20230223171356.0
=006  m\\\\\|\\d\|\\\\\\
=007  cr\|||||||||||
=008  090428c20189999enk||\||o||||||\\\a2eng\\
=FMT  \\$a  SE
=040  \\$aUk$beng$cUk$erda
=042  \\$aukblsr
=082  04$a305$223
=245  00$aGender equality.
=264  \1$a[London] :$bUK Web Archive,$c2018-
=300  \\$a1 collection of archived websites
=336  \\$atext$2rdacontent
=337  \\$acomputer$2rdamedia
=338  \\$aonline resource$2rdacarrier
=500  \\$aTitle from collection entry page (viewed January 9, 2020).
=500  \\$aIncludes subcollections: Bodily Autonomy--Domestic Abuse / Gender-Based Violence--Gender Equality in the workplace--Gender Identity--Gender Pay Gap--Parenting--Women's Suffrage.
=520  \\$aThis collection, initiated by staff at the UK Legal Deposit Libraries in 2018, gives an insight into attitudes in the UK relating to gender equality. The collection includes material relating to bodily autonomy; domestic abuse, gender equality in the workplace; gender identity; the gender pay gap; parenting; and women's suffrage, including material relating to the centenary of the 1918 Representation of the Peoples Act.
=650  \0$aEquality$zGreat Britain.
=655  \7$aWeb archives.$2fast$0(OCoLC)fst02008857
=710  2\$aUK Web Archive,$ecollector.
=856  40$uhttps://www.webarchive.org.uk/en/ukwa/collection/1942$yUK Web Archive
=859  \\$aXLD$bUK Web Archive
=985  \\$aUpdated by MS generated file for WR2302-017
=CAT  \\$a11433$b40$c20200109$lBLL01$h1621
=CAT  \\$a11433$b40$c20200109$lBLL01$h1624
=CAT  \\$a11433$b40$c20200131$lBLL01$h1625
=CAT  \\$aW2302-0174$c20230223$lBLL01$h2044
=FIN  \\$aY$d20200131
=LAS  \\$aW2302-0174$b00$c20230223$lBLL01$h2044

