=LDR  01624cai a2200421 i 4500
=001  019669044
=003  Uk
=005  20230223171356.0
=006  m\\\\\|\\d\|\\\\\\
=007  cr\|||||||||||
=008  090428c20109999enk||\||o||||||\\\a2eng\\
=FMT  \\$a  SE
=040  \\$aUk$beng$cUk$erda
=042  \\$aukblsr
=082  04$a576.5$223
=245  00$aGenetics.
=264  \1$a[London] :$bUK Web Archive,$c2010-
=300  \\$a1 collection of archived websites
=336  \\$atext$2rdacontent
=337  \\$acomputer$2rdamedia
=338  \\$aonline resource$2rdacarrier
=500  \\$aTitle from collection entry page (viewed January 9, 2020).
=520  \\$aThis collection on Genetics was initiated in 2010 by curators at the Wellcome Library and Science Reference staff at the British Library. The collection is ongoing, including contributions by staff at Cambridge University Library.
=650  \0$aGenetics$zGreat Britain.
=655  \7$aWeb archives.$2fast$0(OCoLC)fst02008857
=710  2\$aWellcome Library,$econtributor.
=710  2\$aBritish Library,$econtributor.
=710  2\$aCambridge University Library,$econtributor.
=710  2\$aUK Web Archive,$ecollector.
=856  40$uhttps://www.webarchive.org.uk/en/ukwa/collection/2370$yUK Web Archive
=859  \\$aXLD$bUK Web Archive
=985  \\$aUpdated by MS generated file for WR2302-017
=CAT  \\$a11433$b40$c20200109$lBLL01$h1630
=CAT  \\$a11433$b40$c20200131$lBLL01$h1626
=CAT  \\$a11279$b40$c20200306$lBLL01$h0842
=CAT  \\$aW2302-0174$c20230223$lBLL01$h2044
=FIN  \\$aY$d20200109
=LAS  \\$aW2302-0174$b00$c20230223$lBLL01$h2044

