=LDR  01616cai a2200385 i 4500
=001  019669053
=003  Uk
=005  20230223171356.0
=006  m\\\\\|\\d\|\\\\\\
=007  cr\|||||||||||
=008  090428c20179999enk||\||o||||||\\\a2eng\\
=FMT  \\$a  SE
=040  \\$aUk$beng$cUk$erda
=042  \\$aukblsr
=082  04$a325$223
=245  00$aGlobal UK.
=264  \1$a[London] :$bUK Web Archive,$c2017-
=300  \\$a1 collection of archived websites
=336  \\$atext$2rdacontent
=337  \\$acomputer$2rdamedia
=338  \\$aonline resource$2rdacarrier
=500  \\$aTitle from collection entry page (viewed January 9, 2020).
=500  \\$aIncludes subcollections: Africa UK--Italy UK.
=520  \\$aA collection of websites, curated by staff at the UK Legal Deposit Libraries, representing various global communities living in the UK. Each sub-category focuses on communities from particular countries or regions from outside the UK. The collection is in the very early stages of development and will grow to represent more communities over time.
=651  \0$aGreat Britain$xEmigration and immigration.
=655  \7$aWeb archives.$2fast$0(OCoLC)fst02008857
=710  2\$aUK Web Archive,$ecollector.
=856  40$uhttps://www.webarchive.org.uk/en/ukwa/collection/1106$yUK Web Archive
=859  \\$aXLD$bUK Web Archive
=985  \\$aUpdated by MS generated file for WR2302-017
=CAT  \\$a11433$b40$c20200109$lBLL01$h1713
=CAT  \\$a11433$b40$c20200131$lBLL01$h1628
=CAT  \\$aW2302-0174$c20230223$lBLL01$h2044
=FIN  \\$aY$d20200131
=LAS  \\$aW2302-0174$b00$c20230223$lBLL01$h2044

