=LDR  02012cai a2200361 i 4500
=001  019669056
=003  Uk
=005  20230223171356.0
=006  m\\\\\|\\d\|\\\\\\
=007  cr\|||||||||||
=008  090428d20112013enk||\||o||||||\\\a2eng\\
=FMT  \\$a  SE
=040  \\$aUk$beng$cUk$erda
=042  \\$aukblsr
=082  04$a363.2$223
=245  00$aGoverning the Police.
=264  \1$a[London] :$bUK Web Archive,$c2011-2013.
=300  \\$a1 collection of archived websites (108 web resources)
=336  \\$atext$2rdacontent
=337  \\$acomputer$2rdamedia
=338  \\$aonline resource$2rdacarrier
=500  \\$aTitle from collection entry page (viewed January 9, 2020).
=520  \\$aFor almost half a century police authorities in England and Wales fulfilled their role of ensuring that the public had an efficient and effective local police force. This system was replaced by a single elected individual (a Police & Crime Commissioner) following the Police Reform and Social Responsibility Act 2011, and elections on Thursday 15th November 2012. This collection contains snapshots of all 41 police authority sites at or near the changeover date of 20th November. It also includes sites from the newly elected Police and Crime Commissioners, and selected sites relating to the first elections of 2012. It also includes the sites of the police forces and associated organisations in Scotland superseded by the Police Service of Scotland from April 2013, under the terms of the Police and Fire Reform (Scotland) Act 2012.
=650  \0$aPolice$zGreat Britain.
=655  \7$aWeb archives.$2fast$0(OCoLC)fst02008857
=710  2\$aUK Web Archive,$ecollector.
=856  40$uhttps://www.webarchive.org.uk/en/ukwa/collection/2433$yUK Web Archive
=859  \\$aXLD$bUK Web Archive
=985  \\$aUpdated by MS generated file for WR2302-017
=CAT  \\$a11433$b40$c20200109$lBLL01$h1741
=CAT  \\$aW2302-0174$c20230223$lBLL01$h2044
=FIN  \\$aY$d20200109
=LAS  \\$aW2302-0174$b00$c20230223$lBLL01$h2044

