=LDR  01562cai a2200373 i 4500
=001  019669797
=003  Uk
=005  20230223171357.0
=006  m\\\\\|\\d\|\\\\\\
=007  cr\|||||||||||
=008  090428d20172018enk||\||o||||||\\\a2eng\\
=FMT  \\$a  SE
=040  \\$aUk$beng$cUk$erda
=042  \\$aukblsr
=082  04$a363.379$223
=245  00$aGrenfell Tower fire.
=264  \1$a[London] :$bUK Web Archive,$c2017-2018.
=300  \\$a1 collection of archived websites (71 web resources)
=336  \\$atext$2rdacontent
=337  \\$acomputer$2rdamedia
=338  \\$aonline resource$2rdacarrier
=500  \\$aTitle from collection entry page (viewed January 10, 2020).
=520  \\$aThe Grenfell Tower fire broke out on 14 June 2017 in the 24-storey Grenfell Tower block of flats in North Kensington, West London leading to the death of over 70 people. This collection brings together some of the websites, news articles and social media accounts related to the fire.
=650  \0$aHigh-rise apartment buildings$xFires and fire prevention$zEngland$zLondon.
=655  \7$aWeb archives.$2fast$0(OCoLC)fst02008857
=710  2\$aUK Web Archive,$ecollector.
=856  40$uhttps://www.webarchive.org.uk/en/ukwa/collection/1835$yUK Web Archive
=859  \\$aXLD$bUK Web Archive
=985  \\$aUpdated by MS generated file for WR2302-017
=CAT  \\$a11433$b40$c20200110$lBLL01$h1107
=CAT  \\$a11433$b40$c20200110$lBLL01$h1205
=CAT  \\$aW2302-0174$c20230223$lBLL01$h2044
=FIN  \\$aY$d20200110
=LAS  \\$aW2302-0174$b00$c20230223$lBLL01$h2044

