=LDR  01636cai a2200373 i 4500
=001  019669944
=003  Uk
=005  20230223171357.0
=006  m\\\\\|\\d\|\\\\\\
=007  cr\|||||||||||
=008  090428c20129999enk||\||o||||||\\\a2eng\\
=FMT  \\$a  SE
=040  \\$aUk$beng$cUk$erda
=042  \\$aukblsr
=082  04$a020.9$223
=245  00$aHistory of Libraries Collection.
=264  \1$a[London] :$bUK Web Archive,$c2012-
=300  \\$a1 collection of archived websites
=336  \\$atext$2rdacontent
=337  \\$acomputer$2rdamedia
=338  \\$aonline resource$2rdacarrier
=500  \\$aTitle from collection entry page (viewed January 10, 2020).
=500  \\$aIncludes subcollections: Evolving role of libraries in the UK.
=520  \\$aThis collection focusses on the history of libraries and librarianship in the UK; from the establishment of early cathedral libraries to the technological advancements of the late 20th century up until the year 2000. The sub category of this collection, the "Evolving role of libraries" focusses on library developments after this year. Curated by staff at the UK Legal Deposit Libraries.
=650  \0$aLibraries$zGreat Britain.
=655  \7$aWeb archives.$2fast$0(OCoLC)fst02008857
=710  2\$aUK Web Archive,$ecollector.
=856  40$uhttps://www.webarchive.org.uk/en/ukwa/collection/131$yUK Web Archive
=859  \\$aXLD$bUK Web Archive
=985  \\$aUpdated by MS generated file for WR2302-017
=CAT  \\$a11433$b40$c20200110$lBLL01$h1420
=CAT  \\$aW2302-0174$c20230223$lBLL01$h2044
=FIN  \\$aY$d20200110
=LAS  \\$aW2302-0174$b00$c20230223$lBLL01$h2044

