=LDR  01688cai a2200373 i 4500
=001  019669959
=003  Uk
=005  20230223171357.0
=006  m\\\\\|\\d\|\\\\\\
=007  cr\|||||||||||
=008  090428c20159999enk||\||o||||||\\\a2eng\\
=FMT  \\$a  SE
=040  \\$aUk$beng$cUk$erda
=042  \\$aukblsr
=082  04$a004$223
=245  00$aIT Collection.
=264  \1$a[London] :$bUK Web Archive,$c2015-
=300  \\$a1 collection of archived websites
=336  \\$atext$2rdacontent
=337  \\$acomputer$2rdamedia
=338  \\$aonline resource$2rdacarrier
=500  \\$aTitle from collection entry page (viewed January 10, 2020).
=500  \\$aIncludes subcollections: Education, Research and Training--Ethics, Law and Security--Hardware and Gadgets--History of IT--IT Blogs and News--Innovation, Future Thinking and Artificial Intelligence--Internet, Mobile Apps and Web Design--Professional Bodies, Conferences and Festivals--Programming and Software--UK IT Business--Web Archives and Digital Preservation.
=520  \\$aA collection covering a wide range of areas related to IT in the UK. The collection was initiated in 2015 by staff at the UK Legal Deposit Libraries.
=650  \0$aInformation technology$zGreat Britain.
=655  \7$aWeb archives.$2fast$0(OCoLC)fst02008857
=710  2\$aUK Web Archive,$ecollector.
=856  40$uhttps://www.webarchive.org.uk/en/ukwa/collection/520$yUK Web Archive
=859  \\$aXLD$bUK Web Archive
=985  \\$aUpdated by MS generated file for WR2302-017
=CAT  \\$a11433$b40$c20200110$lBLL01$h1444
=CAT  \\$aW2302-0174$c20230223$lBLL01$h2044
=FIN  \\$aY$d20200110
=LAS  \\$aW2302-0174$b00$c20230223$lBLL01$h2044

