=LDR  01504cai a2200361 i 4500
=001  019669968
=003  Uk
=005  20230223171357.0
=006  m\\\\\|\\d\|\\\\\\
=007  cr\|||||||||||
=008  090428c20109999enk||\||o||||||\\\a2eng\\
=FMT  \\$a  SE
=040  \\$aUk$beng$cUk$erda
=042  \\$aukblsr
=082  04$a700.941$223
=245  00$aIndependent Arts Organisations.
=264  \1$a[London] :$bUK Web Archive,$c2010-
=300  \\$a1 collection of archived websites
=336  \\$atext$2rdacontent
=337  \\$acomputer$2rdamedia
=338  \\$aonline resource$2rdacarrier
=500  \\$aTitle from collection entry page (viewed January 10, 2020).
=520  \\$aThis collection will bring together independent arts organisations from around the UK  providing an overview of activity that is inherently itinerant and ephemeral. This collection will also provide an insight into how artists and curators are using current technologies and advancements in networking to promote and showcase their activity.
=650  \0$aArt$zGreat Britain.
=655  \7$aWeb archives.$2fast$0(OCoLC)fst02008857
=710  2\$aUK Web Archive,$ecollector.
=856  40$uhttps://www.webarchive.org.uk/en/ukwa/collection/2372$yUK Web Archive
=859  \\$aXLD$bUK Web Archive
=985  \\$aUpdated by MS generated file for WR2302-017
=CAT  \\$a11433$b40$c20200110$lBLL01$h1453
=CAT  \\$aW2302-0174$c20230223$lBLL01$h2044
=FIN  \\$aY$d20200110
=LAS  \\$aW2302-0174$b00$c20230223$lBLL01$h2044

