=LDR  01768cai a2200409 i 4500
=001  019669973
=003  Uk
=005  20230223171357.0
=006  m\\\\\|\\d\|\\\\\\
=007  cr\|||||||||||
=008  090428d20052005enk||\||o||||||\\\a2eng\\
=FMT  \\$a  SE
=040  \\$aUk$beng$cUk$erda
=042  \\$aukblsr
=082  04$a363.349480959$223
=245  00$aIndian Ocean Tsunami December 2004.
=264  \1$a[London] :$bUK Web Archive,$c2005.
=300  \\$a1 collection of archived websites
=336  \\$atext$2rdacontent
=337  \\$acomputer$2rdamedia
=338  \\$aonline resource$2rdacarrier
=500  \\$aTitle from collection entry page (viewed January 10, 2020)
=520  \\$aA collection documenting the effects, aftermath and human responses to the 26 December 2004 tsunami disaster in Asia. The sites were collected by staff at the British Library between January-March 2005 and include those of aid organisations, charities, sites set up to raise relief donations, those established to record personal experiences, and the response of religious communites to this event.
=650  \0$aIndian Ocean Tsunami, 2004.
=650  \0$aTsunami relief$zSoutheast Asia.
=650  \0$aTsunami damage$zSoutheast Asia.
=655  \7$aWeb archives.$2fast$0(OCoLC)fst02008857
=710  2\$aBritish Library,$econtributor.
=710  2\$aUK Web Archive,$ecollector.
=856  40$uhttps://www.webarchive.org.uk/en/ukwa/collection/2435$yUK Web Archive
=859  \\$aXLD$bUK Web Archive
=985  \\$aUpdated by MS generated file for WR2302-017
=CAT  \\$a11433$b40$c20200110$lBLL01$h1502
=CAT  \\$a11279$b40$c20200306$lBLL01$h0855
=CAT  \\$aW2302-0174$c20230223$lBLL01$h2044
=FIN  \\$aY$d20200110
=LAS  \\$aW2302-0174$b00$c20230223$lBLL01$h2044

