=LDR  01551cai a2200373 i 4500
=001  019670000
=003  Uk
=005  20230223171358.0
=006  m\\\\\|\\d\|\\\\\\
=007  cr\|||||||||||
=008  090428c20199999enk||\||o||||||\\\a2eng\\
=FMT  \\$a  SE
=040  \\$aUk$beng$cUk$erda
=042  \\$aukblsr
=082  04$a346.048$223
=245  00$aIntellectual Property Decision Transcripts.
=264  \1$a[London] :$bUK Web Archive,$c2019-
=300  \\$a1 collection of archived websites
=336  \\$atext$2rdacontent
=337  \\$acomputer$2rdamedia
=338  \\$aonline resource$2rdacarrier
=500  \\$aTitle from collection entry page (viewed January 10, 2020).
=520  \\$aThis collection includes the transcripts of decisions by the UK Intellectual Property Office (IPO) in patents, trade marks, and designs. It also archives the Company Names Tribunal website. The collection was initiated in 2019 by a Subject Librarian in the British Library Business and IP, Research Services team.
=650  \0$aIntellectual property$zGreat Britain.
=655  \7$aWeb archives.$2fast$0(OCoLC)fst02008857
=710  2\$aBritish Library,$econtributor.
=710  2\$aUK Web Archive,$ecollector.
=856  40$uhttps://www.webarchive.org.uk/en/ukwa/collection/2678$yUK Web Archive
=859  \\$aXLD$bUK Web Archive
=985  \\$aUpdated by MS generated file for WR2302-017
=CAT  \\$a11433$b40$c20200110$lBLL01$h1613
=CAT  \\$aW2302-0174$c20230223$lBLL01$h2044
=FIN  \\$aY$d20200110
=LAS  \\$aW2302-0174$b00$c20230223$lBLL01$h2044

