=LDR  01308cai a2200373 i 4500
=001  019670009
=003  Uk
=005  20230223171358.0
=006  m\\\\\|\\d\|\\\\\\
=007  cr\|||||||||||
=008  090428c20119999enk||\||o||||||\\\a2eng\\
=FMT  \\$a  SE
=040  \\$aUk$beng$cUk$erda
=042  \\$aukblsr
=082  04$a942.79$223
=245  00$aIsle of Man.
=264  \1$a[London] :$bUK Web Archive,$c2011-
=300  \\$a1 collection of archived websites
=336  \\$atext$2rdacontent
=337  \\$acomputer$2rdamedia
=338  \\$aonline resource$2rdacarrier
=500  \\$aTitle from collection entry page (viewed January 10, 2020).
=520  \\$aThis collection of websites was initiated in 2011 by staff at Manx National Heritage, Eiraght Ashoonagh Vannin.
=651  \0$aIsle of Man$xHistory.
=655  \7$aWeb archives.$2fast$0(OCoLC)fst02008857
=710  2\$aManx National Heritage,$econtributor.
=710  2\$aUK Web Archive,$ecollector.
=856  40$uhttps://www.webarchive.org.uk/en/ukwa/collection/2368$yUK Web Archive
=859  \\$aXLD$bUK Web Archive
=985  \\$aUpdated by MS generated file for WR2302-017
=CAT  \\$a11433$b40$c20200110$lBLL01$h1627
=CAT  \\$aW2302-0174$c20230223$lBLL01$h2044
=FIN  \\$aY$d20200110
=LAS  \\$aW2302-0174$b00$c20230223$lBLL01$h2044

