=LDR  01819cai a2200385 i 4500
=001  019670014
=003  Uk
=005  20230223171358.0
=006  m\\\\\|\\d\|\\\\\\
=007  cr\|||||||||||
=008  090428c20159999enk||\||o||||||\\\a2eng\\
=FMT  \\$a  SE
=040  \\$aUk$beng$cUk$erda
=042  \\$aukblsr
=082  04$a942.341$223
=245  00$aJersey Collection.
=264  \1$a[London] :$bUK Web Archive,$c2015-
=300  \\$a1 collection of archived websites
=336  \\$atext$2rdacontent
=337  \\$acomputer$2rdamedia
=338  \\$aonline resource$2rdacarrier
=500  \\$aTitle from collection entry page (viewed January 10, 2020).
=500  \\$aIncludes subcollections: Attractions--Business & Trade Unions--Charities--Clubs and Societies--Culture--Education and Learning--Events--Government--Health and Wellbeing--Retail and Shopping--Sport--State owned corporations.
=520  \\$aJersey Archive is responsible for preserving and providing access to the Island's unique written cultural heritage. Increasingly this means that archivists need to start looking at ways in which we can archive digital information including websites and social media. This collection of websites curated by staff at Jersey Archive will become a part of Jersey's evolving history.
=651  \0$aJersey$xHistory.
=655  \7$aWeb archives.$2fast$0(OCoLC)fst02008857
=710  2\$aJersey Heritage Trust,$econtributor.
=710  2\$aUK Web Archive,$ecollector.
=856  40$uhttps://www.webarchive.org.uk/en/ukwa/collection/502$yUK Web Archive
=859  \\$aXLD$bUK Web Archive
=985  \\$aUpdated by MS generated file for WR2302-017
=CAT  \\$a11433$b40$c20200110$lBLL01$h1640
=CAT  \\$aW2302-0174$c20230223$lBLL01$h2044
=FIN  \\$aY$d20200110
=LAS  \\$aW2302-0174$b00$c20230223$lBLL01$h2044

