=LDR  01988cai a2200397 i 4500
=001  019672561
=003  Uk
=005  20230223171400.0
=006  m\\\\\|\\d\|\\\\\\
=007  cr\|||||||||||
=008  090428c20179999enk||\||o||||||\\\a2eng\\
=FMT  \\$a  SE
=040  \\$aUk$beng$cUk$erda
=042  \\$aukblsr
=082  04$a306.76$223
=245  00$aLGBTQ+ Lives Online.
=264  \1$a[London] :$bUK Web Archive,$c2017-
=300  \\$a1 collection of archived websites
=336  \\$atext$2rdacontent
=337  \\$acomputer$2rdamedia
=338  \\$aonline resource$2rdacarrier
=500  \\$aTitle from collection entry page (viewed January 13, 2020).
=520  \\$a2017 marked the 50th anniversary of the Sexual Offences Act, which partially decriminalised homosexuality. Over this time LGBTQ+ (Lesbian, Gay, Bisexual, Trans, Queer/Questioning) issues have moved from something scarcely mentioned - in fact barely legal - into the mainstream. The British Library's collections of LGBTQ+ printed materials go back almost 500 years and, augmented by more recent material in the Sound Archive, provide a unique resource for research into the subject. This collection of websites augments these collections as well as the collections of the other five UK Legal Deposit Libraries to reflect comptemporary aspects of LGBTQ+ life in modern Britain.
=650  \0$aSexual minorities$zGreat Britain.
=655  \7$aWeb archives.$2fast$0(OCoLC)fst02008857
=710  2\$aBritish Library,$econtributor.
=710  2\$aUK Web Archive,$ecollector.
=856  40$uhttps://www.webarchive.org.uk/en/ukwa/collection/1151$yUK Web Archive
=859  \\$aXLD$bUK Web Archive
=985  \\$aUpdated by MS generated file for WR2302-017
=CAT  \\$a11433$b40$c20200113$lBLL01$h1120
=CAT  \\$a11279$b40$c20221012$lBLL01$h1633
=CAT  \\$a11279$b40$c20221012$lBLL01$h1636
=CAT  \\$aW2302-0174$c20230223$lBLL01$h2044
=FIN  \\$aY$d20200113
=LAS  \\$aW2302-0174$b00$c20230223$lBLL01$h2044

