=LDR  02045cai a2200373 i 4500
=001  019672592
=003  Uk
=005  20230223171400.0
=006  m\\\\\|\\d\|\\\\\\
=007  cr\|||||||||||
=008  090428c20089999enk||\||o||||||\\\a2eng\\
=FMT  \\$a  SE
=040  \\$aUk$beng$cUk$erda
=042  \\$aukblsr
=082  04$a702.81$223
=245  00$aLive Art.
=264  \1$a[London] :$bUK Web Archive,$c2008-
=300  \\$a1 collection of archived websites
=336  \\$atext$2rdacontent
=337  \\$acomputer$2rdamedia
=338  \\$aonline resource$2rdacarrier
=500  \\$aTitle from collection entry page (viewed January 13, 2020).
=520  \\$aThe Live Art Collection was initiated in late 2008 and is maintained by the British Library in collaboration with the Live Art Development Agency, London. Live Art is an innovative exploratory approach to contemporary performance practices. The range of websites in this collection includes organizations supporting, promoting and curating Live Art; artists websites; sites that are artistic or project-driven by their nature; blogsites and online spaces engaging in critical reviews; through to online archival sites relating to Live Art. This collection represents the diverse practices and approaches of artists today and the support and critical frameworks that exist to support, promote and comment upon Live Art and the ephemeral nature of this area of practice. This project was revisited in 2017 with new websites added to the collection.
=650  \0$aPerformance art$zGreat Britain.
=655  \7$aWeb archives.$2fast$0(OCoLC)fst02008857
=710  2\$aBritish Library,$econtributor.
=710  2\$aUK Web Archive,$ecollector.
=856  40$uhttps://www.webarchive.org.uk/en/ukwa/collection/1170$yUK Web Archive
=859  \\$aXLD$bUK Web Archive
=985  \\$aUpdated by MS generated file for WR2302-017
=CAT  \\$a11433$b40$c20200113$lBLL01$h1203
=CAT  \\$aW2302-0174$c20230223$lBLL01$h2044
=FIN  \\$aY$d20200113
=LAS  \\$aW2302-0174$b00$c20230223$lBLL01$h2044

