=LDR  01772cai a2200397 i 4500
=001  019672609
=003  Uk
=005  20230223171400.0
=006  m\\\\\|\\d\|\\\\\\
=007  cr\|||||||||||
=008  090428d20122014enk||\||o||||||\\\a2eng\\
=FMT  \\$a  SE
=040  \\$aUk$beng$cUk$erda
=042  \\$aukblsr
=082  04$a941.00441$223
=245  00$aLondon French Special Collection.
=264  \1$a[London] :$bUK Web Archive,$c2012-2014.
=300  \\$a1 collection of archived websites (116 web resources)
=336  \\$atext$2rdacontent
=337  \\$acomputer$2rdamedia
=338  \\$aonline resource$2rdacarrier
=500  \\$aTitle from collection entry page (viewed January 13, 2020).
=520  \\$aThis collection of websites was curated inbetween 2012 and 2014 by Dr. Saskia Huc-Hepher, a Senior Lecturer at the University of Westminster, on the subject of the French community in London. The Collection was a fundamental component of Dr. Huc-Hepher's thesis on the French community in London. It is hoped that the collection will serve both as an innovative dataset and as a means of reaching out to a diverse range of audiences.
=650  \0$aFrench$zGreat Britain.
=655  \7$aWeb archives.$2fast$0(OCoLC)fst02008857
=700  1\$aHuc-Hepher, Saskia,$econtributor.
=710  2\$aUK Web Archive,$ecollector.
=856  40$uhttps://www.webarchive.org.uk/en/ukwa/collection/309$yUK Web Archive
=859  \\$aXLD$bUK Web Archive
=985  \\$aUpdated by MS generated file for WR2302-017
=CAT  \\$a11433$b40$c20200113$lBLL01$h1307
=CAT  \\$a11279$b40$c20200228$lBLL01$h1330
=CAT  \\$a7332$b40$c20200311$lBLL01$h1114
=CAT  \\$aW2302-0174$c20230223$lBLL01$h2044
=FIN  \\$aY$d20200113
=LAS  \\$aW2302-0174$b00$c20230223$lBLL01$h2044

