=LDR  01831cai a2200397 i 4500
=001  019672659
=003  Uk
=005  20230223171400.0
=006  m\\\\\|\\d\|\\\\\\
=007  cr\|||||||||||
=008  090428d20082010enk||\||o||||||\\\a2eng\\
=FMT  \\$a  SE
=040  \\$aUk$beng$cUk$erda
=042  \\$aukblsr
=082  04$a324.941$223
=245  00$aLondon Mayoral Election 2008.
=264  \1$a[London] :$bUK Web Archive,$c2008-2010.
=300  \\$a1 collection of archived websites (10 web resources)
=336  \\$atext$2rdacontent
=337  \\$acomputer$2rdamedia
=338  \\$aonline resource$2rdacarrier
=500  \\$aTitle from collection entry page (viewed January 13, 2020).
=520  \\$aThis collection of websites focuses on the London mayoral election which took place on the 1st May 2008. The election was the third London mayoral election, the previous elections being held in 2000 and 2004. The 2008 election was won by Conservative party candidate Boris Johnson. The collection includes websites of the main candidates, as well as opinion sites and commentaries. Sites were gathered from the 1st April 2008 until 31st May 2008 by members of staff at the British Library.
=650  \0$aMayors$xElection.
=650  \0$aElections$zGreat Britain$xHistory$y21st century.
=655  \7$aWeb archives.$2fast$0(OCoLC)fst02008857
=710  2\$aBritish Library,$econtributor.
=710  2\$aUK Web Archive,$ecollector.
=856  40$uhttps://www.webarchive.org.uk/en/ukwa/collection/2449$yUK Web Archive
=859  \\$aXLD$bUK Web Archive
=985  \\$aUpdated by MS generated file for WR2302-017
=CAT  \\$a11433$b40$c20200113$lBLL01$h1427
=CAT  \\$a11433$b40$c20200113$lBLL01$h1504
=CAT  \\$aW2302-0174$c20230223$lBLL01$h2044
=FIN  \\$aY$d20200113
=LAS  \\$aW2302-0174$b00$c20230223$lBLL01$h2044

