=LDR  01637cai a2200373 i 4500
=001  019672684
=003  Uk
=005  20230223171400.0
=006  m\\\\\|\\d\|\\\\\\
=007  cr\|||||||||||
=008  090428d20052008enk||\||o||||||\\\a2eng\\
=FMT  \\$a  SE
=040  \\$aUk$beng$cUk$erda
=042  \\$aukblsr
=082  04$a363.325938840942109051$223
=245  00$aLondon Terrorist Attack 7th July 2005.
=264  \1$a[London] :$bUK Web Archive,$c2005-2008.
=300  \\$a1 collection of archived websites (72 web resources)
=336  \\$atext$2rdacontent
=337  \\$acomputer$2rdamedia
=338  \\$aonline resource$2rdacarrier
=500  \\$aTitle from collection entry page (viewed January 13, 2020).
=520  \\$aCollection of Internet sites with content about the terrorist attacks in London on July 7th 2005 begun immediately after the event. The collection comprises news and commentary, public information and support for victims and weblogs written by those who had first hand experience of the bombs. The collection was curated by staff at the British Library.
=650  \0$aLondon Terrorist Bombings, London, England, 2005.
=655  \7$aWeb archives.$2fast$0(OCoLC)fst02008857
=710  2\$aBritish Library,$econtributor.
=710  2\$aUK Web Archive,$ecollector.
=856  40$uhttps://www.webarchive.org.uk/en/ukwa/collection/2439$yUK Web Archive
=859  \\$aXLD$bUK Web Archive
=985  \\$aUpdated by MS generated file for WR2302-017
=CAT  \\$a11433$b40$c20200113$lBLL01$h1503
=CAT  \\$aW2302-0174$c20230223$lBLL01$h2044
=FIN  \\$aY$d20200113
=LAS  \\$aW2302-0174$b00$c20230223$lBLL01$h2044

