=LDR  01651cai a2200409 i 4500
=001  019672686
=003  Uk
=005  20230223171400.0
=006  m\\\\\|\\d\|\\\\\\
=007  cr\|||||||||||
=008  090428d20162018enk||\||o||||||\\\a2eng\\
=FMT  \\$a  SE
=040  \\$aUk$beng$cUk$erda
=042  \\$aukblsr
=082  04$a823.914$223
=245  00$aMagic.
=264  \1$a[London] :$bUK Web Archive,$c2016-2018.
=300  \\$a1 collection of archived websites (106 web resources)
=336  \\$atext$2rdacontent
=337  \\$acomputer$2rdamedia
=338  \\$aonline resource$2rdacarrier
=500  \\$aTitle from collection entry page (viewed January 13, 2020).
=500  \\$aIncludes subcollections: Magic and Fiction.
=520  \\$a2017 marks the 20th anniversary of the publication of Harry Potter and the Philosopher's Stone. The National Library of Scotland and the British Library have curated a collection of Harry Potter themed websites to mark this significant literary milestone.
=600  10$aRowling, J. K.$tHarry Potter series.
=655  \7$aWeb archives.$2fast$0(OCoLC)fst02008857
=710  2\$aNational Library of Scotland,$econtributor.
=710  2\$aBritish Library,$econtributor.
=710  2\$aUK Web Archive,$ecollector.
=856  40$uhttps://www.webarchive.org.uk/en/ukwa/collection/1019$yUK Web Archive
=859  \\$aXLD$bUK Web Archive
=985  \\$aUpdated by MS generated file for WR2302-017
=CAT  \\$a11433$b40$c20200113$lBLL01$h1514
=CAT  \\$a11279$b40$c20210323$lBLL01$h0955
=CAT  \\$aW2302-0174$c20230223$lBLL01$h2044
=FIN  \\$aY$d20200113
=LAS  \\$aW2302-0174$b00$c20230223$lBLL01$h2044

