=LDR  01569cai a2200397 i 4500
=001  019672693
=003  Uk
=005  20230223171400.0
=006  m\\\\\|\\d\|\\\\\\
=007  cr\|||||||||||
=008  090428d20142016enk||\||o||||||\\\a2eng\\
=FMT  \\$a  SE
=040  \\$aUk$beng$cUk$erda
=042  \\$aukblsr
=082  04$a323$223
=245  00$aMagna Carta 2015.
=264  \1$a[London] :$bUK Web Archive,$c2014-2016.
=300  \\$a1 collection of archived websites (1052 web resources)
=336  \\$atext$2rdacontent
=337  \\$acomputer$2rdamedia
=338  \\$aonline resource$2rdacarrier
=500  \\$aTitle from collection entry page (viewed January 13, 2020).
=520  \\$aThis collection of websites was curated by staff at the British Library in 2015 in parallel to an exhibition to mark the 800th anniversary of the Magna Carta. The wider scope of this collection includes the themes power, rule of law, human rights and societal values.
=650  \0$aCivil rights$zGreat Britain.
=630  00$aMagna Carta.
=655  \7$aWeb archives.$2fast$0(OCoLC)fst02008857
=710  2\$aBritish Library,$econtributor.
=710  2\$aUK Web Archive,$ecollector.
=856  40$uhttps://www.webarchive.org.uk/en/ukwa/collection/169$yUK Web Archive
=859  \\$aXLD$bUK Web Archive
=985  \\$aUpdated by MS generated file for WR2302-017
=CAT  \\$a11433$b40$c20200113$lBLL01$h1603
=CAT  \\$a11279$b40$c20200228$lBLL01$h1304
=CAT  \\$aW2302-0174$c20230223$lBLL01$h2044
=FIN  \\$aY$d20200113
=LAS  \\$aW2302-0174$b00$c20230223$lBLL01$h2044

