=LDR  01802cai a2200373 i 4500
=001  019672696
=003  Uk
=005  20230223171400.0
=006  m\\\\\|\\d\|\\\\\\
=007  cr\|||||||||||
=008  090428d20132013enk||\||o||||||\\\a2eng\\
=FMT  \\$a  SE
=040  \\$aUk$beng$cUk$erda
=042  \\$aukblsr
=082  04$a941.0858$223
=245  00$aMargaret Thatcher
=264  \1$a[London] :$bUK Web Archive,$c2013.
=300  \\$a1 collection of archived websites (78 web resources)
=336  \\$atext$2rdacontent
=337  \\$acomputer$2rdamedia
=338  \\$aonline resource$2rdacarrier
=500  \\$aTitle from collection entry page (viewed January 13, 2020).
=520  \\$aThis collection of websites was curated by staff at the British Library following the death of Margaret Thatcher on 8 April 2013. Baroness Thatcher (1925 - 2013) was a British stateswoman who was Prime Minister of the UK from 1979 to 1990 and Leader of the Conservative Party from 1975 to 1990. She was the longest-serving British prime minister of the 20th century, and the first woman to have held the office. A Soviet journalist dubbed her The Iron Lady, a nickname that became popularly associated with her uncompromising politics and leadership style.
=651  \0$aGreat Britain$xPolitics and government$y1979-1997.
=655  \7$aWeb archives.$2fast$0(OCoLC)fst02008857
=710  2\$aBritish Library,$econtributor.
=710  2\$aUK Web Archive,$ecollector.
=856  40$uhttps://www.webarchive.org.uk/en/ukwa/collection/172$yUK Web Archive
=859  \\$aXLD$bUK Web Archive
=985  \\$aUpdated by MS generated file for WR2302-017
=CAT  \\$a11433$b40$c20200113$lBLL01$h1610
=CAT  \\$aW2302-0174$c20230223$lBLL01$h2044
=FIN  \\$aY$d20200113
=LAS  \\$aW2302-0174$b00$c20230223$lBLL01$h2044

