=LDR  01735cai a2200409 i 4500
=001  019672704
=003  Uk
=005  20230223171400.0
=006  m\\\\\|\\d\|\\\\\\
=007  cr\|||||||||||
=008  090428c20059999enk||\||o||||||\\\a2eng\\
=FMT  \\$a  SE
=040  \\$aUk$beng$cUk$erda
=042  \\$aukblsr
=082  04$a616.89$223
=245  00$aMental Health.
=264  \1$a[London] :$bUK Web Archive,$c2005-
=300  \\$a1 collection of archived websites
=336  \\$atext$2rdacontent
=337  \\$acomputer$2rdamedia
=338  \\$aonline resource$2rdacarrier
=500  \\$aTitle from collection entry page (viewed January 13, 2020).
=500  \\$aIncludes subcollection: Mental Health, Social Media and the Internet.
=520  \\$aA collection of websites initiated by staff at the Wellcome Library in 2005. The collection includes websites addressing issues of mental health and its effects as well as support and research organisations. There is a sub section of this collection entitled, Mental Health, Social Media and the Internet, curated by staff at the Bodleian Libraries.
=650  \0$aMental health$zGreat Britain.
=655  \7$aWeb archives.$2fast$0(OCoLC)fst02008857
=710  2\$aWellcome Library,$econtributor.
=710  2\$aBodleian Libraries,$econtributor.
=710  2\$aUK Web Archive,$ecollector.
=856  40$uhttps://www.webarchive.org.uk/en/ukwa/collection/2445$yUK Web Archive
=859  \\$aXLD$bUK Web Archive
=985  \\$aUpdated by MS generated file for WR2302-017
=CAT  \\$a11433$b40$c20200113$lBLL01$h1639
=CAT  \\$a11279$b40$c20200309$lBLL01$h1711
=CAT  \\$aW2302-0174$c20230223$lBLL01$h2044
=FIN  \\$aY$d20200113
=LAS  \\$aW2302-0174$b00$c20230223$lBLL01$h2044

