=LDR  02405cai a2200373 i 4500
=001  019672715
=003  Uk
=005  20230223171401.0
=006  m\\\\\|\\d\|\\\\\\
=007  cr\|||||||||||
=008  090428c20129999enk||\||o||||||\\\a2eng\\
=FMT  \\$a  SE
=040  \\$aUk$beng$cUk$erda
=042  \\$aukblsr
=082  04$a941.088297$223
=245  00$aMuslims, Trust and Cultural Dialogue.
=264  \1$a[London] :$bUK Web Archive,$c2012-
=300  \\$a1 collection of archived websites
=336  \\$atext$2rdacontent
=337  \\$acomputer$2rdamedia
=338  \\$aonline resource$2rdacarrier
=500  \\$aTitle from collection entry page (viewed January 13, 2020).
=500  \\$aIncludes subcollections: Advocacy, Campaigning, Lobbying, Anti-Islamophobia--Arts & Culture, Music, Spirituality--Civil Society, Fundraisers, Humanitarian Aid--Conferences, Workshops--Education, Universites, Schools--Media, TV, Journals--Mosques--Umbrella organisations--Youth Work, Community Work, Women's Groups.
=520  \\$aMuslims, Trust and Cultural Dialogue is an RCUK-funded international research project that explores trust between Muslims and non-Muslims in Britain, Europe and North America. The project analyses the conditions of trust and mistrust in three overlapping areas of modern life: politics and society; business and finance; and art and culture. It is an international multidisciplinary network of scholars, practitioners and stakeholders exploring questions of trust in the relationship between Muslim diaspora populations in the West and the societies around them. The project is committed to understanding how existing practices in these three arenas enact dialogue and negotiation between groups in ways that can be mutually informative, and which help us move beyond misunderstanding and negative stereotyping. - See more at: http://www.muslimstrustdialogue.org/index.php/about#sthash.sCNaSzzY.dpuf
=650  \0$aMuslims$zGreat Britain.
=655  \7$aWeb archives.$2fast$0(OCoLC)fst02008857
=710  2\$aUK Web Archive,$ecollector.
=856  40$uhttps://www.webarchive.org.uk/en/ukwa/collection/182$yUK Web Archive
=859  \\$aXLD$bUK Web Archive
=985  \\$aUpdated by MS generated file for WR2302-017
=CAT  \\$a11433$b40$c20200113$lBLL01$h1737
=CAT  \\$aW2302-0174$c20230223$lBLL01$h2044
=FIN  \\$aY$d20200113
=LAS  \\$aW2302-0174$b00$c20230223$lBLL01$h2044

