=LDR  01585cai a2200373 i 4500
=001  019672717
=003  Uk
=005  20230223171401.0
=006  m\\\\\|\\d\|\\\\\\
=007  cr\|||||||||||
=008  090428c20059999enk||\||o||||||\\\a2eng\\
=FMT  \\$a  SE
=040  \\$aUk$beng$cUk$erda
=042  \\$aukblsr
=082  04$a070.43$223
=245  00$aNews Sites.
=264  \1$a[London] :$bUK Web Archive,$c2005-
=300  \\$a1 collection of archived websites
=336  \\$atext$2rdacontent
=337  \\$acomputer$2rdamedia
=338  \\$aonline resource$2rdacarrier
=500  \\$aTitle from collection entry page (viewed January 13, 2020).
=500  \\$aIncludes subcollections: Hyperlocal--Social Media--Web only news sites.
=520  \\$aCollection of UK online news publications curated by subject specialists at the UK Legal Deposit Libraries. The sites are archived on either a daily or weekly basis. The collection does not just include newspaper's websites, but web-only news sites, community journalism sites (hyperlocals), news broadcasters' sites, news parody sites and more.
=650  \0$aNews Web sites$zGreat Britain.
=655  \7$aWeb archives.$2fast$0(OCoLC)fst02008857
=710  2\$aUK Web Archive,$ecollector.
=856  40$uhttps://www.webarchive.org.uk/en/ukwa/collection/138$yUK Web Archive
=859  \\$aXLD$bUK Web Archive
=985  \\$aUpdated by MS generated file for WR2302-017
=CAT  \\$a11433$b40$c20200113$lBLL01$h1746
=CAT  \\$aW2302-0174$c20230223$lBLL01$h2044
=FIN  \\$aY$d20200113
=LAS  \\$aW2302-0174$b00$c20230223$lBLL01$h2044

