=LDR  01288cai a2200361 i 4500
=001  019676721
=003  Uk
=005  20230223171407.0
=006  m\\\\\|\\d\|\\\\\\
=007  cr\|||||||||||
=008  090428c20179999enk||\||o||||||\\\a2eng\\
=FMT  \\$a  SE
=040  \\$aUk$beng$cUk$erda
=042  \\$aukblsr
=082  04$a726.509416$223
=245  00$aNorthern Irish Churches.
=264  \1$a[London] :$bUK Web Archive,$c2017-
=300  \\$a1 collection of archived websites
=336  \\$atext$2rdacontent
=337  \\$acomputer$2rdamedia
=338  \\$aonline resource$2rdacarrier
=500  \\$aTitle from collection entry page (viewed January 17, 2020).
=520  \\$aCollection initiated in 2017 by staff at the UK Legal Deposit Libraries, focussing on churches in Northern Ireland.
=650  \0$aChurch buildings$zNorthern Ireland.
=655  \7$aWeb archives.$2fast$0(OCoLC)fst02008857
=710  2\$aUK Web Archive,$ecollector.
=856  40$uhttps://www.webarchive.org.uk/en/ukwa/collection/1232$yUK Web Archive
=859  \\$aXLD$bUK Web Archive
=985  \\$aUpdated by MS generated file for WR2302-017
=CAT  \\$a11433$b40$c20200117$lBLL01$h1632
=CAT  \\$aW2302-0174$c20230223$lBLL01$h2044
=FIN  \\$aY$d20200117
=LAS  \\$aW2302-0174$b00$c20230223$lBLL01$h2044

