=LDR  02523cai a2200385 i 4500
=001  019676732
=003  Uk
=005  20230223171407.0
=006  m\\\\\|\\d\|\\\\\\
=007  cr\|||||||||||
=008  090428c20129999enk||\||o||||||\\\a2eng\\
=FMT  \\$a  SE
=040  \\$aUk$beng$cUk$erda
=042  \\$aukblsr
=082  04$a907.2041$223
=245  00$aOral History in the UK.
=246  13$aOral History in the United Kingdom
=264  \1$a[London] :$bUK Web Archive,$c2012-
=300  \\$a1 collection of archived websites
=336  \\$atext$2rdacontent
=337  \\$acomputer$2rdamedia
=338  \\$aonline resource$2rdacarrier
=500  \\$aTitle from collection entry page (viewed January 17, 2020).
=520  \\$aThe Oral History in the UK collection was initiated in 2012 and is maintained by the Oral History section of the British Library. The websites in this collection have been selected to demonstrate the variety of ways in which Oral History is used by community and local history groups, charities and universities. The range of websites in this collection includes sites which document the experiences of those that emmigrated to the UK (such as the Birmingham Black Oral History Project and Moroccan Memories in Britain); local history (Durham in Time, St. Helier Memories); disability history (Speaking Up For Disability); industry in the UK (Songs of Steel); and memories of war (The Workers' War, Captive Memories). The websites vary widely in the way they present oral history; many, although not all, provide access to extracts from oral history audio or video archive material and most sites also provide information on the project background, participants and funding arrangements. Websites will continue to be nominated for inclusion in the UK Web Archive and added to the 'Oral History in the UK' collection. if you would like to nominate any content to the collection you can fill in the online form: https://beta.webarchive.org.uk/en/ukwa/info/nominate.
=650  \0$aOral history$zGreat Britain.
=655  \7$aWeb archives.$2fast$0(OCoLC)fst02008857
=710  2\$aBritish Library,$econtributor.
=710  2\$aUK Web Archive,$ecollector.
=856  40$uhttps://www.webarchive.org.uk/en/ukwa/collection/202$yUK Web Archive
=859  \\$aXLD$bUK Web Archive
=985  \\$aUpdated by MS generated file for WR2302-017
=CAT  \\$a11433$b40$c20200117$lBLL01$h1649
=CAT  \\$aW2302-0174$c20230223$lBLL01$h2044
=FIN  \\$aY$d20200117
=LAS  \\$aW2302-0174$b00$c20230223$lBLL01$h2044

