=LDR  01872cai a2200433 i 4500
=001  019676735
=003  Uk
=005  20230223171407.0
=006  m\\\\\|\\d\|\\\\\\
=007  cr\|||||||||||
=008  090428c20059999enk||\||o||||||\\\a2eng\\
=FMT  \\$a  SE
=040  \\$aUk$beng$cUk$erda
=042  \\$aukblsr
=082  04$a362.19620300941$223
=245  00$aPandemic Outbreaks.
=264  \1$a[London] :$bUK Web Archive,$c2005-
=300  \\$a1 collection of archived websites
=336  \\$atext$2rdacontent
=337  \\$acomputer$2rdamedia
=338  \\$aonline resource$2rdacarrier
=500  \\$aTitle from collection entry page (viewed November 2, 2020).
=500  \\$aIncludes subcollection: Coronavirus (COVID-19) UK.
=520  \\$aThis collection of websites was initiated in 2005 to contingency plan around any possible outbreak of Avian flu in the UK. It has since been expanded to include all types of Pandemic flu such as the Swine flu outbreak of 2009 and the Coronavirus (COVID-19) pandemic in 2020. The collection contains public advisory sites produced by the Government alongside news and commentary.
=650  \0$aInfluenza$xGovernment policy$zGreat Britain.
=650  \0$aAvian influenza$zGreat Britain.
=650  \0$aSwine influenza$zGreat Britain.
=650  \0$aCOVID-19 (Disease)$zGreat Britain.
=655  \7$aWeb archives.$2fast$0(OCoLC)fst02008857
=710  2\$aUK Web Archive,$ecollector.
=856  40$uhttps://www.webarchive.org.uk/en/ukwa/collection/2446$yUK Web Archive
=859  \\$aXLD$bUK Web Archive
=985  \\$aUpdated by MS generated file for WR2302-017
=CAT  \\$a11433$b40$c20200117$lBLL01$h1658
=CAT  \\$a11279$b40$c20201102$lBLL01$h1515
=CAT  \\$a11279$b40$c20221012$lBLL01$h1637
=CAT  \\$aW2302-0174$c20230223$lBLL01$h2044
=FIN  \\$aY$d20200117
=LAS  \\$aW2302-0174$b00$c20230223$lBLL01$h2044

