=LDR  01344cai a2200361 i 4500
=001  019676736
=003  Uk
=005  20230223171407.0
=006  m\\\\\|\\d\|\\\\\\
=007  cr\|||||||||||
=008  090428c20189999enk||\||o||||||\\\a2eng\\
=FMT  \\$a  SE
=040  \\$aUk$beng$cUk$erda
=042  \\$aukblsr
=082  04$a328.4109$223
=245  00$aParliamentary Archives.
=264  \1$a[London] :$bUK Web Archive,$c2018-
=300  \\$a1 collection of archived websites
=336  \\$atext$2rdacontent
=337  \\$acomputer$2rdamedia
=338  \\$aonline resource$2rdacarrier
=500  \\$aTitle from collection entry page (viewed January 17, 2020).
=520  \\$aA collection of websites published by the UK Parliament, including Twitter feeds. The collection was initiated in 2018 by staff at the UK Legal Deposit Libraries.
=610  20$aWestminster Palace (London, England)$xArchives.
=655  \7$aWeb archives.$2fast$0(OCoLC)fst02008857
=710  2\$aUK Web Archive,$ecollector.
=856  40$uhttps://www.webarchive.org.uk/en/ukwa/collection/2275$yUK Web Archive
=859  \\$aXLD$bUK Web Archive
=985  \\$aUpdated by MS generated file for WR2302-017
=CAT  \\$a11433$b40$c20200117$lBLL01$h1708
=CAT  \\$aW2302-0174$c20230223$lBLL01$h2044
=FIN  \\$aY$d20200117
=LAS  \\$aW2302-0174$b00$c20230223$lBLL01$h2044

