=LDR  01604cai a2200397 i 4500
=001  019676739
=003  Uk
=005  20230223171407.0
=006  m\\\\\|\\d\|\\\\\\
=007  cr\|||||||||||
=008  090428c20059999enk||\||o||||||\\\a2eng\\
=FMT  \\$a  SE
=040  \\$aUk$beng$cUk$erda
=042  \\$aukblsr
=082  04$a769.56941$223
=245  00$aPhilately, Deltiology and Postal History.
=264  \1$a[London] :$bUK Web Archive,$c2005-
=300  \\$a1 collection of archived websites
=336  \\$atext$2rdacontent
=337  \\$acomputer$2rdamedia
=338  \\$aonline resource$2rdacarrier
=500  \\$aTitle from collection entry page (viewed January 17, 2020).
=520  \\$aThis collection of philately websites was initiated in 2005 by staff at the UK Legal Deposit Libraries. It contains subjects such as postal history, special stamp issues, auction catalogues, collector's forums and new stamps. As of 2021, websites relating to the study of postcards have been included.
=650  \0$aStamp collecting$zGreat Britain.
=650  \0$aPostal service$xHistory.
=650  \0$aPostcards.
=655  \7$aWeb archives.$2fast$0(OCoLC)fst02008857
=710  2\$aUK Web Archive,$ecollector.
=856  40$uhttps://www.webarchive.org.uk/en/ukwa/collection/2380$yUK Web Archive
=859  \\$aXLD$bUK Web Archive
=985  \\$aUpdated by MS generated file for WR2302-017
=CAT  \\$a11433$b40$c20200117$lBLL01$h1724
=CAT  \\$a11279$b40$c20221012$lBLL01$h1646
=CAT  \\$aW2302-0174$c20230223$lBLL01$h2044
=FIN  \\$aY$d20200117
=LAS  \\$aW2302-0174$b00$c20230223$lBLL01$h2044

