=LDR  01725cai a2200373 i 4500
=001  019676742
=003  Uk
=005  20230223171407.0
=006  m\\\\\|\\d\|\\\\\\
=007  cr\|||||||||||
=008  090428c20169999enk||\||o||||||\\\a2eng\\
=FMT  \\$a  SE
=040  \\$aUk$beng$cUk$erda
=042  \\$aukblsr
=082  04$a808.81$223
=245  00$aPoetry Zines and Journals.
=264  \1$a[London] :$bUK Web Archive,$c2016-
=300  \\$a1 collection of archived websites
=336  \\$atext$2rdacontent
=337  \\$acomputer$2rdamedia
=338  \\$aonline resource$2rdacarrier
=500  \\$aTitle from collection entry page (viewed January 17, 2020).
=520  \\$aThis collection of UK-based online poetry journals and magazines has been curated by a PhD candidate at Goldsmiths. It is concerned with contemporary responses to the increasing ubiquity of the internet and networked culture. Poetry communities are increasingly emerging out of and operating within digital spaces; participants are using social media for networking, collaboration and promotion, taking advantage of cheap web hosting and free blog domains to publish zines and chapbooks.
=650  \0$aPoetry and the Internet$zGreat Britain.
=655  \7$aWeb archives.$2fast$0(OCoLC)fst02008857
=710  2\$aGoldsmiths, University of London,$econtributor.
=710  2\$aUK Web Archive,$ecollector.
=856  40$uhttps://www.webarchive.org.uk/en/ukwa/collection/889$yUK Web Archive
=859  \\$aXLD$bUK Web Archive
=985  \\$aUpdated by MS generated file for WR2302-017
=CAT  \\$a11433$b40$c20200117$lBLL01$h1736
=CAT  \\$aW2302-0174$c20230223$lBLL01$h2044
=FIN  \\$aY$d20200117
=LAS  \\$aW2302-0174$b00$c20230223$lBLL01$h2044

