=LDR  01604cai a2200361 i 4500
=001  019679499
=003  Uk
=005  20230223171414.0
=006  m\\\\\|\\d\|\\\\\\
=007  cr\|||||||||||
=008  090428c20159999enk||\||o||||||\\\a2eng\\
=FMT  \\$a  SE
=040  \\$aUk$beng$cUk$erda
=042  \\$aukblsr
=082  04$a323.0420941$223
=245  00$aPolitical Action and Communication.
=264  \1$a[London] :$bUK Web Archive,$c2015-
=300  \\$a1 collection of archived websites
=336  \\$atext$2rdacontent
=337  \\$acomputer$2rdamedia
=338  \\$aonline resource$2rdacarrier
=500  \\$aTitle from collection entry page (viewed January, 2020).
=520  \\$aThis collection aims to represent and document the use of the web in political engagement in the UK: from single-authored blogs through local and grassroots campaigns to political parties and charities and trusts that support democratic engagement and activism. The collection also includes examples of research into levels of democratic engagement, and the use of communications technology in campaigning and activism.
=650  \0$aPolitical participation$zGreat Britain.
=655  \7$aWeb archives.$2fast$0(OCoLC)fst02008857
=710  2\$aUK Web Archive,$ecollector.
=856  40$uhttps://www.webarchive.org.uk/en/ukwa/collection/208$yUK Web Archive
=859  \\$aXLD$bUK Web Archive
=985  \\$aUpdated by MS generated file for WR2302-017
=CAT  \\$a11433$b40$c20200120$lBLL01$h1057
=CAT  \\$aW2302-0174$c20230223$lBLL01$h2044
=FIN  \\$aY$d20200120
=LAS  \\$aW2302-0174$b00$c20230223$lBLL01$h2044

