=LDR  01619cai a2200385 i 4500
=001  019679530
=003  Uk
=005  20230223171414.0
=006  m\\\\\|\\d\|\\\\\\
=007  cr\|||||||||||
=008  090428c20099999enk||\||o||||||\\\a2eng\\
=FMT  \\$a  SE
=040  \\$aUk$beng$cUk$erda
=042  \\$aukblsr
=082  04$a289.641$223
=245  00$aQuakers.
=264  \1$a[London] :$bUK Web Archive,$c2009-
=300  \\$a1 collection of archived websites
=336  \\$atext$2rdacontent
=337  \\$acomputer$2rdamedia
=338  \\$aonline resource$2rdacarrier
=500  \\$aTitle from collection entry page (viewed January 20, 2020).
=520  \\$aThis collection of websites was initated in 2009. Websites were selected by the Library of the Religious Society of Friends in Britain (Quakers) and maintained by the British Library. It includes sites relating to Quaker activity in Britain, such as Quaker meetings, groups and campaigns, centres, schools and communities, businesses and blogs.
=650  \0$aSociety of Friends$zGreat Britain.
=655  \7$aWeb archives.$2fast$0(OCoLC)fst02008857
=710  2\$aBritish Library,$econtributor.
=710  2\$aBritain Yearly Meeting (Society of Friends),$econtributor.
=710  2\$aUK Web Archive,$ecollector.
=856  40$uhttps://www.webarchive.org.uk/en/ukwa/collection/2436$yUK Web Archive
=859  \\$aXLD$bUK Web Archive
=985  \\$aUpdated by MS generated file for WR2302-017
=CAT  \\$a11433$b40$c20200120$lBLL01$h1124
=CAT  \\$aW2302-0174$c20230223$lBLL01$h2044
=FIN  \\$aY$d20200120
=LAS  \\$aW2302-0174$b00$c20230223$lBLL01$h2044

