=LDR  02159cai a2200469 i 4500
=001  019679583
=003  Uk
=005  20230223171414.0
=006  m\\\\\|\\d\|\\\\\\
=007  cr\|||||||||||
=008  090428d20112013enk||\||o||||||\\\a2eng\\
=FMT  \\$a  SE
=040  \\$aUk$beng$cUk$erda
=042  \\$aukblsr
=082  04$a942.086$223
=245  04$aThe Queen's Diamond Jubilee, 2012.
=264  \1$a[London] :$bUK Web Archive,$c2011-2013.
=300  \\$a1 collection of archived websites (185 web resources)
=336  \\$atext$2rdacontent
=337  \\$acomputer$2rdamedia
=338  \\$aonline resource$2rdacarrier
=500  \\$aTitle from collection entry page (viewed January 20, 2020).
=520  \\$aThis is a special collection of websites selected by the Royal Archives, the British Library and the Institute of Historical Research around a subject of topical interest and national importance to the UK, the Diamond Jubilee of Queen Elizabeth II, 2012. The collection includes archived copies of websites produced by the Royal Household together with a wide range of related material such as Blogs, commentaries and news articles.
=600  00$aElizabeth$bII,$cQueen of Great Britain,$d1926-2022$xAnniversaries, etc.
=655  \7$aWeb archives.$2fast$0(OCoLC)fst02008857
=710  2\$aBritish Library,$econtributor.
=710  2\$aRoyal Collection Trust,$econtributor.
=710  2\$aUniversity of London.$bInstitute of Historical Research,$econtributor.
=710  2\$aUK Web Archive,$ecollector.
=856  40$uhttps://www.webarchive.org.uk/en/ukwa/collection/2441$yUK Web Archive
=859  \\$aXLD$bUK Web Archive
=985  \\$aUpdated by MS generated file for WR2302-017
=CAT  \\$a11433$b40$c20200120$lBLL01$h1153
=CAT  \\$a11433$b40$c20200120$lBLL01$h1246
=CAT  \\$a11279$b40$c20220309$lBLL01$h1506
=CAT  \\$a11279$b40$c20220427$lBLL01$h1137
=CAT  \\$aBATCH-UPD$b40$c20220911$lBLL01$h2112
=CAT  \\$a11279$b40$c20230126$lBLL01$h1527
=CAT  \\$a11279$b40$c20230126$lBLL01$h1532
=CAT  \\$aW2302-0174$c20230223$lBLL01$h2044
=FIN  \\$aY$d20200120
=LAS  \\$aW2302-0174$b00$c20230223$lBLL01$h2044

