=LDR  01769cai a2200373 i 4500
=001  019679605
=003  Uk
=005  20230223171414.0
=006  m\\\\\|\\d\|\\\\\\
=007  cr\|||||||||||
=008  090428c20059999enk||\||o||||||\\\a2eng\\
=FMT  \\$a  SE
=040  \\$aUk$beng$cUk$erda
=042  \\$aukblsr
=082  04$a200.941$223
=245  00$aReligion, politics and law since 2005.
=264  \1$a[London] :$bUK Web Archive,$c2005-
=300  \\$a1 collection of archived websites
=336  \\$atext$2rdacontent
=337  \\$acomputer$2rdamedia
=338  \\$aonline resource$2rdacarrier
=500  \\$aTitle from collection entry page (viewed January 20, 2020).
=520  \\$aA collection of sites touching on issues relating to the place of religious ideas in the public sphere in the UK since 2005. It includes sites of official church bodies, as well as campaigning organisations both religious and secularist. Also included are sites concerned with parliamentary politics, along with others connected with the law and with contested issues such as the law on abortion, assisted suicide, and religion in state education. Those religious sites chosen are predominantly Christian in origin, but not exclusively so.
=650  \0$aReligious thought$zGreat Britain.
=655  \7$aWeb archives.$2fast$0(OCoLC)fst02008857
=710  2\$aUK Web Archive,$ecollector.
=856  40$uhttps://www.webarchive.org.uk/en/ukwa/collection/238$yUK Web Archive
=859  \\$aXLD$bUK Web Archive
=985  \\$aUpdated by MS generated file for WR2302-017
=CAT  \\$a11433$b40$c20200120$lBLL01$h1203
=CAT  \\$a11433$b40$c20200120$lBLL01$h1204
=CAT  \\$aW2302-0174$c20230223$lBLL01$h2044
=FIN  \\$aY$d20200120
=LAS  \\$aW2302-0174$b00$c20230223$lBLL01$h2044

