=LDR  01639cai a2200385 i 4500
=001  019679614
=003  Uk
=005  20230223171414.0
=006  m\\\\\|\\d\|\\\\\\
=007  cr\|||||||||||
=008  090428c20179999enk||\||o||||||\\\a2eng\\
=FMT  \\$a  SE
=040  \\$aUk$beng$cUk$erda
=042  \\$aukblsr
=082  04$a610.7$223
=245  00$aRoyal Colleges of Health and Medicine.
=264  \1$a[London] :$bUK Web Archive,$c2017-
=300  \\$a1 collection of archived websites
=336  \\$atext$2rdacontent
=337  \\$acomputer$2rdamedia
=338  \\$aonline resource$2rdacarrier
=500  \\$aTitle from collection entry page (viewed January 20, 2020).
=520  \\$aThis is a collection of the UK Royal Colleges of Health and Medicine's websites instigated by the Library and Archive Service at the Royal College of Nursing in 2019. The Royal Colleges are the professional bodies responsible for development of and training in one or more medical specialities in the UK.
=610  20$aAcademy of Medical Royal Colleges and their Faculties (Great Britain)
=655  \7$aWeb archives.$2fast$0(OCoLC)fst02008857
=710  2\$aBritish Library,$econtributor.
=710  2\$aRoyal College of Nursing (Great Britain),$econtributor.
=710  2\$aUK Web Archive,$ecollector.
=856  40$uhttps://www.webarchive.org.uk/en/ukwa/collection/2738$yUK Web Archive
=859  \\$aXLD$bUK Web Archive
=985  \\$aUpdated by MS generated file for WR2302-017
=CAT  \\$a11433$b40$c20200120$lBLL01$h1214
=CAT  \\$aW2302-0174$c20230223$lBLL01$h2044
=FIN  \\$aY$d20200120
=LAS  \\$aW2302-0174$b00$c20230223$lBLL01$h2044

