=LDR  02023cai a2200385 i 4500
=001  019679789
=003  Uk
=005  20230223171414.0
=006  m\\\\\|\\d\|\\\\\\
=007  cr\|||||||||||
=008  090428c20179999enk||\||o||||||\\\a2eng\\
=FMT  \\$a  SE
=040  \\$aUk$beng$cUk$erda
=042  \\$aukblsr
=082  04$a303.48241047$223
=245  00$aRussia in the UK.
=264  \1$a[London] :$bUK Web Archive,$c2017-
=300  \\$a1 collection of archived websites
=336  \\$atext$2rdacontent
=337  \\$acomputer$2rdamedia
=338  \\$aonline resource$2rdacarrier
=500  \\$aTitle from collection entry page (viewed January 20, 2020).
=520  \\$aCuration of this collection started in 2017 and is on-going. This collection has been curated by Hannah Connell, a collaborative doctoral student at the British Library and King's College London. The selection of the content for the Russia in the UK collection forms part of a Collaborative Doctoral Partnership Studentship researching migration and diaspora through Russian-language publishing. This collection reflects the ways in which diasporic communities continue to preserve and contribute to a shared identity though new forms of media today. In preserving and indexing the online presence of the Russian-speaking community in the UK, this collection also contributes to the British Library's knowledge of the communities which create and use its collections.
=650  \0$aRussians$zGreat Britain.
=655  \7$aWeb archives.$2fast$0(OCoLC)fst02008857
=700  1\$aConnell, Hannah,$econtributor.
=710  2\$aUK Web Archive,$ecollector.
=856  40$uhttps://www.webarchive.org.uk/en/ukwa/collection/1105$yUK Web Archive
=859  \\$aXLD$bUK Web Archive
=985  \\$aUpdated by MS generated file for WR2302-017
=CAT  \\$a11433$b40$c20200120$lBLL01$h1440
=CAT  \\$a7332$b40$c20200311$lBLL01$h1129
=CAT  \\$aW2302-0174$c20230223$lBLL01$h2044
=FIN  \\$aY$d20200120
=LAS  \\$aW2302-0174$b00$c20230223$lBLL01$h2044

