=LDR  01543cai a2200373 i 4500
=001  019679812
=003  Uk
=005  20230223171414.0
=006  m\\\\\|\\d\|\\\\\\
=007  cr\|||||||||||
=008  090428d20172018enk||\||o||||||\\\a2eng\\
=FMT  \\$a  SE
=040  \\$aUk$beng$cUk$erda
=042  \\$aukblsr
=082  04$a947.0841$223
=245  00$aRussian Revolution Centenary.
=264  \1$a[London] :$bUK Web Archive,$c2017-2018.
=300  \\$a1 collection of archived websites (25 web resources)
=336  \\$atext$2rdacontent
=337  \\$acomputer$2rdamedia
=338  \\$aonline resource$2rdacarrier
=500  \\$aTitle from collection entry page (viewed January 20, 2020).
=520  \\$aThis collection of websites was initiated by the British Library's Lead Curator of East European Collections in 2017 and includes websites selected by staff at the UK Legal Deposit Libraries. The collection marks 100 years since the October Revolution (1917 - 2017).
=651  \0$aSoviet Union$xHistory$yRevolution, 1917-1921$xAnniversaries, etc.
=655  \7$aWeb archives.$2fast$0(OCoLC)fst02008857
=710  2\$aBritish Library,$econtributor.
=710  2\$aUK Web Archive,$ecollector.
=856  40$uhttps://www.webarchive.org.uk/en/ukwa/collection/1091$yUK Web Archive
=859  \\$aXLD$bUK Web Archive
=985  \\$aUpdated by MS generated file for WR2302-017
=CAT  \\$a11433$b40$c20200120$lBLL01$h1455
=CAT  \\$aW2302-0174$c20230223$lBLL01$h2044
=FIN  \\$aY$d20200120
=LAS  \\$aW2302-0174$b00$c20230223$lBLL01$h2044

