=LDR  01900cai a2200385 i 4500
=001  019679873
=003  Uk
=005  20230223171415.0
=006  m\\\\\|\\d\|\\\\\\
=007  cr\|||||||||||
=008  090428d20072009enk||\||o||||||\\\a2eng\\
=FMT  \\$a  SE
=040  \\$aUk$beng$cUk$erda
=042  \\$aukblsr
=082  04$a326.8$223
=245  00$aSlavery and Abolition in the Caribbean.
=264  \1$a[London] :$bUK Web Archive,$c2007-2009.
=300  \\$a1 collection of archived websites (36 web resources)
=336  \\$atext$2rdacontent
=337  \\$acomputer$2rdamedia
=338  \\$aonline resource$2rdacarrier
=500  \\$aTitle from collection entry page (viewed January 20, 2020).
=520  \\$aThe year 2007 saw the bicentenary of the abolition of the British slave trade. In 2007 the Internet was an important engagement space for museums, archives, libraries and various other institutions relaying the history of slavery and marking the bicentenary. This collection includes, but is not confined to, sites relating to that bicentenary, and includes resources from a range of UK government, heritage, local history and other organisations on the enactment, abolition and consequences of slavery in the Caribbean. The collection was curated by a content expert at the British Library.
=650  \0$aEnslaved persons$xEmancipation$zGreat Britain.
=655  \7$aWeb archives.$2fast$0(OCoLC)fst02008857
=710  2\$aBritish Library,$econtributor.
=710  2\$aUK Web Archive,$ecollector.
=856  40$uhttps://www.webarchive.org.uk/en/ukwa/collection/2438$yUK Web Archive
=859  \\$aXLD$bUK Web Archive
=985  \\$aUpdated by MS generated file for WR2302-017
=CAT  \\$a11433$b40$c20200120$lBLL01$h1611
=CAT  \\$aW2302-0174$c20230223$lBLL01$h2044
=CAT  \\$a11249$b40$c20230606$lBLL01$h1606
=FIN  \\$aY$d20200120
=LAS  \\$a11249$b40$c20230606$lBLL01$h1606

