=LDR  01380cai a2200361 i 4500
=001  019679879
=003  Uk
=005  20230223171415.0
=006  m\\\\\|\\d\|\\\\\\
=007  cr\|||||||||||
=008  090428d20072008enk||\||o||||||\\\a2eng\\
=FMT  \\$a  SE
=040  \\$aUk$beng$cUk$erda
=042  \\$aukblsr
=082  04$a344.054$223
=245  00$aSmoking Ban UK 2007.
=264  \1$a[London] :$bUK Web Archive,$c2007-2008.
=300  \\$a1 collection of archived websites (25 web resources)
=336  \\$atext$2rdacontent
=337  \\$acomputer$2rdamedia
=338  \\$aonline resource$2rdacarrier
=500  \\$aTitle from collection entry page (viewed January 20, 2020).
=520  \\$aThis collection was created by staff at the UK Legal Deposit Libraries to record events surrounding, and responses to, the ban on smoking in all public places across the UK in 2007.
=650  \0$aSmoking$xLaw and legislation$zGreat Britain.
=655  \7$aWeb archives.$2fast$0(OCoLC)fst02008857
=710  2\$aUK Web Archive,$ecollector.
=856  40$uhttps://www.webarchive.org.uk/en/ukwa/collection/2369$yUK Web Archive
=859  \\$aXLD$bUK Web Archive
=985  \\$aUpdated by MS generated file for WR2302-017
=CAT  \\$a11433$b40$c20200120$lBLL01$h1624
=CAT  \\$aW2302-0174$c20230223$lBLL01$h2044
=FIN  \\$aY$d20200120
=LAS  \\$aW2302-0174$b00$c20230223$lBLL01$h2044

