=LDR  01803cai a2200373 i 4500
=001  019683766
=003  Uk
=005  20230223171421.0
=006  m\\\\\|\\d\|\\\\\\
=007  cr\|||||||||||
=008  090428d20102013enk||\||o||||||\\\a2eng\\
=FMT  \\$a  SE
=040  \\$aUk$beng$cUk$erda
=042  \\$aukblsr
=082  04$a344.0316$223
=245  00$aSpending Cuts 2010 :$bImpact on Social Welfare.
=264  \1$a[London] :$bUK Web Archive,$c2010-2013.
=300  \\$a1 collection of archived websites (272 web resources)
=336  \\$atext$2rdacontent
=337  \\$acomputer$2rdamedia
=338  \\$aonline resource$2rdacarrier
=500  \\$aTitle from collection entry page (viewed January 20, 2020).
=520  \\$aThis is a collection of selected websites archived by staff at the UK Legal Deposit Libraries from May 2010 to February 2013 focusing on the impacts of the public spending cuts implemented by the Coalition Government following the 2010 General Election. The collection contains UK central and local government sites, public policy documents and responses, news and commentary, and relevant pages from the sites of think tanks, charities, pressure and protest groups, individual anti-cuts campaigners and trade unions.
=650  \0$aPublic welfare$zGreat Britain$xHistory$y21st century.
=655  \7$aWeb archives.$2fast$0(OCoLC)fst02008857
=710  2\$aUK Web Archive,$ecollector.
=856  40$uhttps://www.webarchive.org.uk/en/ukwa/collection/2451$yUK Web Archive
=859  \\$aXLD$bUK Web Archive
=985  \\$aUpdated by MS generated file for WR2302-017
=CAT  \\$a11433$b40$c20200122$lBLL01$h0952
=CAT  \\$a11433$b40$c20200122$lBLL01$h0954
=CAT  \\$aW2302-0174$c20230223$lBLL01$h2044
=FIN  \\$aY$d20200122
=LAS  \\$aW2302-0174$b00$c20230223$lBLL01$h2044

