=LDR  01941cai a2200409 i 4500
=001  019688005
=003  Uk
=005  20230223171428.0
=006  m\\\\\|\\d\|\\\\\\
=007  cr\|||||||||||
=008  090428c20179999enk||\||o||||||\\\a2eng\\
=FMT  \\$a  SE
=040  \\$aUk$beng$cUk$erda
=042  \\$aukblsr
=082  04$a796.0941$223
=245  00$aSports collection.
=264  \1$a[London] :$bUK Web Archive,$c2017-
=300  \\$a1 collection of archived websites
=336  \\$atext$2rdacontent
=337  \\$acomputer$2rdamedia
=338  \\$aonline resource$2rdacarrier
=500  \\$aTitle from collection entry page (viewed January 27, 2020).
=500  \\$aIncludes subcollections: Athletics--Ball Sports (excluding Football)--Combat/Self Defence Sports--Fishing, Hunting, Shooting and Target Sports--Gym Websites--Gymnastics/Acrobatics--Horse And Other Animal Sports--Motor Sports--News/Media--Orientation Sports--Sport History and Research--Stadiums--Strength Sports--Target Games--Water Sports/Aerial Sports--Wheel Sports--Winter Sports--eSports.
=520  \\$aThis collection of sports websites was initiated by staff at the UK Legal Deposit Libraries in 2017. The collection covers most sports organisations in the UK as well as the sports sections of mainstream UK news publishers' websites.
=650  \0$aSports$zGreat Britain.
=655  \7$aWeb archives.$2fast$0(OCoLC)fst02008857
=710  2\$aUK Web Archive,$ecollector.
=856  40$uhttps://www.webarchive.org.uk/en/ukwa/collection/1768$yUK Web Archive
=859  \\$aXLD$bUK Web Archive
=985  \\$aUpdated by MS generated file for WR2302-017
=CAT  \\$a11433$b40$c20200127$lBLL01$h1132
=CAT  \\$a11433$b40$c20200127$lBLL01$h1133
=CAT  \\$a11433$b40$c20200127$lBLL01$h1134
=CAT  \\$a11279$b40$c20201102$lBLL01$h1437
=CAT  \\$aW2302-0174$c20230223$lBLL01$h2044
=FIN  \\$aY$d20200127
=LAS  \\$aW2302-0174$b00$c20230223$lBLL01$h2044

