=LDR  01718cai a2200385 i 4500
=001  019688034
=003  Uk
=005  20230223171428.0
=006  m\\\\\|\\d\|\\\\\\
=007  cr\|||||||||||
=008  090428c20189999enk||\||o||||||\\\a2eng\\
=FMT  \\$a  SE
=040  \\$aUk$beng$cUk$erda
=042  \\$aukblsr
=082  04$a796.069$223
=245  00$aSports : International events.
=264  \1$a[London] :$bUK Web Archive,$c2018-
=300  \\$a1 collection of archived websites
=336  \\$atext$2rdacontent
=337  \\$acomputer$2rdamedia
=338  \\$aonline resource$2rdacarrier
=500  \\$aTitle from collection entry page (viewed January 27, 2020).
=500  \\$aIncludes subcollections: Commonwealth Games Glasgow 2014--Olympic & Paralympic Games 2012--Rio Olympics 2016--Rugby World Cup 2015--Tour de France (Yorkshire) 2014--Winter Olympic & Paralympic Games 2010--Winter Olympics Sochi 2014.
=520  \\$aThis collection includes websites about some of the international sporting events that have been hosted by the UK, or where their was a strong British presence at the event. It has been curated by staff at the UK Legal Deposit Libraries.
=650  \0$aHosting of sporting events$zGreat Britain.
=655  \7$aWeb archives.$2fast$0(OCoLC)fst02008857
=710  2\$aUK Web Archive,$ecollector.
=856  40$uhttps://www.webarchive.org.uk/en/ukwa/collection/2315$yUK Web Archive
=859  \\$aXLD$bUK Web Archive
=985  \\$aUpdated by MS generated file for WR2302-017
=CAT  \\$a11433$b40$c20200127$lBLL01$h1214
=CAT  \\$a11433$b40$c20200127$lBLL01$h1238
=CAT  \\$aW2302-0174$c20230223$lBLL01$h2044
=FIN  \\$aY$d20200127
=LAS  \\$aW2302-0174$b00$c20230223$lBLL01$h2044

