=LDR  01452cai a2200373 i 4500
=001  019688058
=003  Uk
=005  20230223171429.0
=006  m\\\\\|\\d\|\\\\\\
=007  cr\|||||||||||
=008  090428c20199999enk||\||o||||||\\\a2eng\\
=FMT  \\$a  SE
=040  \\$aUk$beng$cUk$erda
=042  \\$aukblsr
=082  04$a820.90091$223
=245  00$aTerry Pratchett.
=264  \1$a[London] :$bUK Web Archive,$c2019-
=300  \\$a1 collection of archived websites
=336  \\$atext$2rdacontent
=337  \\$acomputer$2rdamedia
=338  \\$aonline resource$2rdacarrier
=500  \\$aTitle from collection entry page (viewed January 27, 2020).
=520  \\$aThis collection gathers together a selection of websites relating to the life and work of Terry Pratchett (1948-2015), the well-known author of the Discworld fantasy novels. The collection has been curated by staff at Trinity College Dublin.
=600  10$aPratchett, Terry.
=655  \7$aWeb archives.$2fast$0(OCoLC)fst02008857
=710  2\$aTrinity College (Dublin, Ireland),$econtributor.
=710  2\$aUK Web Archive,$ecollector.
=856  40$uhttps://www.webarchive.org.uk/en/ukwa/collection/2558$yUK Web Archive
=859  \\$aXLD$bUK Web Archive
=985  \\$aUpdated by MS generated file for WR2302-017
=CAT  \\$a11433$b40$c20200127$lBLL01$h1304
=CAT  \\$aW2302-0174$c20230223$lBLL01$h2044
=FIN  \\$aY$d20200127
=LAS  \\$aW2302-0174$b00$c20230223$lBLL01$h2044

