=LDR  01505cai a2200397 i 4500
=001  019688100
=003  Uk
=005  20230223171429.0
=006  m\\\\\|\\d\|\\\\\\
=007  cr\|||||||||||
=008  090428d20162018enk||\||o||||||\\\a2eng\\
=FMT  \\$a  SE
=040  \\$aUk$beng$cUk$erda
=042  \\$aukblsr
=082  04$a941.0861$223
=245  04$aThe Queen's Official Birthday 2016.
=264  \1$a[London] :$bUK Web Archive,$c2016-2018.
=300  \\$a1 collection of archived websites (41 web resources)
=336  \\$atext$2rdacontent
=337  \\$acomputer$2rdamedia
=338  \\$aonline resource$2rdacarrier
=500  \\$aTitle from collection entry page (viewed January 27, 2020).
=520  \\$aThis collection of websites was curated by staff at the Britisih Library to mark the Queen's 90th birthday in 2016.
=600  00$aElizabeth$bII,$cQueen of Great Britain,$d1926-2022$xAnniversaries, etc.
=655  \7$aWeb archives.$2fast$0(OCoLC)fst02008857
=710  2\$aBritish Library,$econtributor.
=710  2\$aUK Web Archive,$ecollector.
=856  40$uhttps://www.webarchive.org.uk/en/ukwa/collection/851$yUK Web Archive
=859  \\$aXLD$bUK Web Archive
=985  \\$aUpdated by MS generated file for WR2302-017
=CAT  \\$a11433$b40$c20200127$lBLL01$h1430
=CAT  \\$a11433$b40$c20200127$lBLL01$h1435
=CAT  \\$aBATCH-UPD$b40$c20220911$lBLL01$h2112
=CAT  \\$aW2302-0174$c20230223$lBLL01$h2044
=FIN  \\$aY$d20200127
=LAS  \\$aW2302-0174$b00$c20230223$lBLL01$h2044

