=LDR  01796cai a2200397 i 4500
=001  019688142
=003  Uk
=005  20230223171429.0
=006  m\\\\\|\\d\|\\\\\\
=007  cr\|||||||||||
=008  090428d20172018enk||\||o||||||\\\a2eng\\
=FMT  \\$a  SE
=040  \\$aUk$beng$cUk$erda
=042  \\$aukblsr
=082  04$a337.41054$223
=245  00$aUK/India Year of Culture 2017.
=264  \1$a[London] :$bUK Web Archive,$c2017-2018.
=300  \\$a1 collection of archived websites (60 web resources)
=336  \\$atext$2rdacontent
=337  \\$acomputer$2rdamedia
=338  \\$aonline resource$2rdacarrier
=500  \\$aTitle from collection entry page (viewed January 27, 2020).
=520  \\$aIn 2017 the UK and India celebrated a major bilateral year of cultural exchange. The year marked the 70th anniversary of Indian independence and, through a varied programme of projects and events - led by the Ministry of Culture in India, the Nehru Centre and other Indian cultural organisations in the UK and the British Council - aimed to highlight India-UK cultural relations. This website collection was curated by staff at the British Library.
=651  \0$aIndia$xRelations$zGreat Britain.
=651  \0$aGreat Britain$xRelations$zIndia.
=655  \7$aWeb archives.$2fast$0(OCoLC)fst02008857
=710  2\$aBritish Library,$econtributor.
=710  2\$aUK Web Archive,$ecollector.
=856  40$uhttps://www.webarchive.org.uk/en/ukwa/collection/1150$yUK Web Archive
=859  \\$aXLD$bUK Web Archive
=985  \\$aUpdated by MS generated file for WR2302-017
=CAT  \\$a11433$b40$c20200127$lBLL01$h1553
=CAT  \\$a11433$b40$c20200127$lBLL01$h1555
=CAT  \\$aW2302-0174$c20230223$lBLL01$h2044
=FIN  \\$aY$d20200127
=LAS  \\$aW2302-0174$b00$c20230223$lBLL01$h2044

