=LDR  02038cai a2200385 i 4500
=001  019688164
=003  Uk
=005  20230223171429.0
=006  m\\\\\|\\d\|\\\\\\
=007  cr\|||||||||||
=008  090428d20152015enk||\||o||||||\\\a2eng\\
=FMT  \\$a  SE
=040  \\$aUk$beng$cUk$erda
=042  \\$aukblsr
=082  04$a940.546$223
=245  00$aVE/VJ Day 70th Anniversary 1945-2015.
=264  \1$a[London] :$bUK Web Archive,$c2015.
=300  \\$a1 collection of archived websites (70 web resources)
=336  \\$atext$2rdacontent
=337  \\$acomputer$2rdamedia
=338  \\$aonline resource$2rdacarrier
=500  \\$aTitle from collection entry page (viewed January 27, 2020).
=520  \\$a2015 marked 70 years since the Allied Powers celebrated the end of war in Europe and in the Far East. Victory in Europe Day, generally known as VE Day, was the public holiday celebrated on 8 May 1945 to mark the formal acceptance by the Allies of World War II of Nazi Germany's unconditional surrender of its armed forces. Commemorations were held to mark the 70th Anniversary of the Victory over Japan Day on Saturday 15 August 2015. The Japanese finally surrendered on 14 August 1945 following the dropping of the atomic bombs on Hiroshima and Nagasaki. The next day, Wednesday 15 August 1945 was celebrated as VJ (Victory over Japan) Day. This website collection was curated by staff at the British Library.
=650  \0$aV-E Day, 1945$zGreat Britain$xAnniversaries, etc.
=650  \0$aV-J Day, 1945$zGreat Britain$xAnniversaries, etc.
=655  \7$aWeb archives.$2fast$0(OCoLC)fst02008857
=710  2\$aBritish Library,$econtributor.
=710  2\$aUK Web Archive,$ecollector.
=856  40$uhttps://www.webarchive.org.uk/en/ukwa/collection/471$yUK Web Archive
=859  \\$aXLD$bUK Web Archive
=985  \\$aUpdated by MS generated file for WR2302-017
=CAT  \\$a11433$b40$c20200127$lBLL01$h1642
=CAT  \\$aW2302-0174$c20230223$lBLL01$h2044
=FIN  \\$aY$d20200127
=LAS  \\$aW2302-0174$b00$c20230223$lBLL01$h2044

