=LDR  01917cai a2200373 i 4500
=001  019688179
=003  Uk
=005  20230223171429.0
=006  m\\\\\|\\d\|\\\\\\
=007  cr\|||||||||||
=008  090428c20179999enk||\||o||||||\\\a2eng\\
=FMT  \\$a  SE
=040  \\$aUk$beng$cUk$erda
=042  \\$aukblsr
=082  04$a741.5$223
=245  00$aWeb Comic Archive.
=264  \1$a[London] :$bUK Web Archive,$c2017-
=300  \\$a1 collection of archived websites
=336  \\$atext$2rdacontent
=337  \\$acomputer$2rdamedia
=338  \\$aonline resource$2rdacarrier
=500  \\$aTitle from collection entry page (viewed January 27, 2020).
=520  \\$aThis collection contains online webcomics published in the United Kingdom. The comics cover a wide variety of subjects and are produced by a diverse range of creators, including many voices not frequently represented in traditional publishing. The collection includes examples of renowned (and sometimes award-winning) webcomics, as well as independently produced comics which may not be as well-known. Due to current technological restrictions in capturing online material (as of 2017), some elements of these items (such as embedded video) may not appear within the archived item as they did when published online. The collection was curated by Jennifer Aggleton, a doctoral placement student at the British Library.
=650  \0$aWebcomics$zGreat Britain.
=655  \7$aWeb archives.$2fast$0(OCoLC)fst02008857
=710  2\$aBritish Library,$econtributor.
=710  2\$aUK Web Archive,$ecollector.
=856  40$uhttps://www.webarchive.org.uk/en/ukwa/collection/1370$yUK Web Archive
=859  \\$aXLD$bUK Web Archive
=985  \\$aUpdated by MS generated file for WR2302-017
=CAT  \\$a11433$b40$c20200127$lBLL01$h1728
=CAT  \\$aW2302-0174$c20230223$lBLL01$h2044
=FIN  \\$aY$d20200127
=LAS  \\$aW2302-0174$b00$c20230223$lBLL01$h2044

