=LDR  01704cai a2200373 i 4500
=001  019688181
=003  Uk
=005  20230223171429.0
=006  m\\\\\|\\d\|\\\\\\
=007  cr\|||||||||||
=008  090428d20052013enk||\||o||||||\\\a2eng\\
=FMT  \\$a  SE
=040  \\$aUk$beng$cUk$erda
=042  \\$aukblsr
=082  04$a305.420941$223
=245  00$aWomen's issues.
=264  \1$a[London] :$bUK Web Archive,$c2005-2013.
=300  \\$a1 collection of archived websites (439 web resources)
=336  \\$atext$2rdacontent
=337  \\$acomputer$2rdamedia
=338  \\$aonline resource$2rdacarrier
=500  \\$aTitle from collection entry page (viewed January 27, 2020).
=520  \\$aThis collection of web sites about women's issues was curated by the Women's Library at LSE (the London School of Economics and Political Science) Women's Library, in collaboration with the British Library inbetween 2005 and 2013. The collection includes sites of women's organisations and campaigns, research reports, government publications and statistics pertaining to women, personal sites of women, such as blogs, and women focused e-zines.
=650  \0$aFeminism$zGreat Britain.
=655  \7$aWeb archives.$2fast$0(OCoLC)fst02008857
=710  2\$aBritish Library of Political and Economic Science,$econtributor.
=710  2\$aUK Web Archive,$ecollector.
=856  40$uhttps://www.webarchive.org.uk/en/ukwa/collection/2447$yUK Web Archive
=859  \\$aXLD$bUK Web Archive
=985  \\$aUpdated by MS generated file for WR2302-017
=CAT  \\$a11433$b40$c20200127$lBLL01$h1733
=CAT  \\$aW2302-0174$c20230223$lBLL01$h2044
=FIN  \\$aY$d20200127
=LAS  \\$aW2302-0174$b00$c20230223$lBLL01$h2044

