=LDR  01376cai a2200385 i 4500
=001  019694298
=003  Uk
=005  20230223171436.0
=006  m\\\\\|\\d\|\\\\\\
=007  cr\|||||||||||
=008  090428c20169999enk||\||o||||||\\\a2eng\\
=FMT  \\$a  SE
=040  \\$aUk$beng$cUk$erda
=042  \\$aukblsr
=082  04$a070.572$223
=245  00$aZines and Fanzines.
=264  \1$a[London] :$bUK Web Archive,$c2016-
=300  \\$a1 collection of archived websites
=336  \\$atext$2rdacontent
=337  \\$acomputer$2rdamedia
=338  \\$aonline resource$2rdacarrier
=500  \\$aTitle from collection entry page (viewed January 31, 2020).
=520  \\$aA collection of online zines and fanzines published in the UK, curated by staff at the British Library. The collection is ongoing.
=650  \0$aZines$zGreat Britain.
=655  \7$aWeb archives.$2fast$0(OCoLC)fst02008857
=710  2\$aBritish Library,$econtributor.
=710  2\$aUK Web Archive,$ecollector.
=856  40$uhttps://www.webarchive.org.uk/en/ukwa/collection/871$yUK Web Archive
=859  \\$aXLD$bUK Web Archive
=985  \\$aUpdated by MS generated file for WR2302-017
=CAT  \\$a11433$b40$c20200131$lBLL01$h1649
=CAT  \\$a11279$b40$c20200306$lBLL01$h0857
=CAT  \\$aW2302-0174$c20230223$lBLL01$h2044
=FIN  \\$aY$d20200131
=LAS  \\$aW2302-0174$b00$c20230223$lBLL01$h2044

