=LDR  03234cai a2200589 i 4500
=001  019698292
=003  Uk
=005  20230223171438.0
=006  m\\\\\|\\d\|\\\\\\
=007  cr\|||||||||||
=008  090428d20162020enk||\||o||||||\\\a2eng\\
=FMT  \\$a  SE
=040  \\$aUk$beng$cUk$erda
=042  \\$aukblsr
=082  04$a341.242230941$223
=245  00$aBrexit.
=264  \1$a[London] :$bUK Web Archive,$c2016-2020.
=300  \\$a1 collection of archived websites (9651 web resources)
=336  \\$atext$2rdacontent
=337  \\$acomputer$2rdamedia
=338  \\$aonline resource$2rdacarrier
=500  \\$aTitle from collection entry page (viewed January 31, 2020).
=500  \\$aIncludes subcollections: Blogs and Social Media--Brexit : Impact on Northern Ireland--Brexit : Impact on the Republic of Ireland--Business & Trade Unions--Economic Impact--Government and UK Parliamentary Action--Impact on Scotland--Impact on Wales--Interest Groups--Legislation and Legal Implications--News and Media--Political Parties--Research Centres & Think Tanks.
=520  \\$aThe Brexit collection was opened in 2016 immediately after the referendum and closed on January 31st 2020 when the UK formally left the EU and entered the implementation phase. It was curated by staff at the legal deposit libraries to be a permanent record of the negotiations from the UK's perspective. It follows every twist and turn of the negotiations which led to the UK leaving the EU with a Deal. As well as news sources it covers Parliamentary papers, bills and debates, the views and asks of political parties, professional associations and pro-leave/pro-remain pressure groups, and comment and analysis by think tanks and academic research centres.
=610  20$aEuropean Union$zGreat Britain.
=650  \0$aInternet$xPolitical aspects$zGreat Britain.
=650  \0$aSocial media$xPolitical aspects$zGreat Britain.
=650  \0$aPublic administration$zGreat Britain$xDecision making.
=650  \0$aPolitical leadership$zGreat Britain.
=650  \0$aCommunication in politics$zGreat Britain.
=650  \0$aPolitical participation$zGreat Britain.
=650  \0$aPolitical parties$zGreat Britain.
=650  \0$aPressure groups$zGreat Britain.
=651  \0$aGreat Britain$xForeign relations$zEuropean Union countries.
=651  \0$aEuropean Union countries$xForeign relations$zGreat Britain.
=651  \0$aGreat Britain$xPolitics and government$y2007-
=655  \7$aWeb archives.$2fast$0(OCoLC)fst02008857
=710  2\$aUK Web Archive,$ecollector.
=856  40$uhttps://www.webarchive.org.uk/en/ukwa/collection/910$yUK Web Archive
=859  \\$aXLD$bUK Web Archive
=985  \\$aUpdated by MS generated file for WR2302-017
=CAT  \\$a11433$b40$c20200203$lBLL01$h1114
=CAT  \\$a11433$b40$c20200203$lBLL01$h1118
=CAT  \\$a11279$b40$c20200310$lBLL01$h0848
=CAT  \\$a3391$b40$c20200312$lBLL01$h1141
=CAT  \\$a3391$b40$c20200312$lBLL01$h1153
=CAT  \\$a3391$b40$c20200312$lBLL01$h1154
=CAT  \\$a3391$b40$c20200312$lBLL01$h1213
=CAT  \\$a3391$b40$c20200312$lBLL01$h1217
=CAT  \\$aW2302-0174$c20230223$lBLL01$h2044
=FIN  \\$aY$d20200203
=LAS  \\$aW2302-0174$b00$c20230223$lBLL01$h2044

