=LDR  02888cai a2200589 i 4500
=001  019698306
=003  Uk
=005  20230305164552.0
=006  m\\\\\|\\d\|\\\\\\
=007  cr\|||||||||||
=008  090428d20152018enk||\||o||||||\\\a2eng\\
=FMT  \\$a  SE
=040  \\$aUk$beng$cUk$erda
=042  \\$aukblsr
=082  04$a328.241090512$223
=245  00$aEU Referendum.
=246  13$aEuropean Union Referendum
=264  \1$a[London] :$bUK Web Archive,$c2015-2018.
=300  \\$a1 collection of archived websites (2904 web resources)
=336  \\$atext$2rdacontent
=337  \\$acomputer$2rdamedia
=338  \\$aonline resource$2rdacarrier
=500  \\$aTitle from collection entry page (viewed February 3, 2020).
=500  \\$aIncludes subcollections: Blogs--Business & Trade Unions--Government--Interest Groups--News & Commentary--Opinion Polls--Political Parties - Local-- Political Parties - National--Research Centres & Think Tanks--Social Media.
=520  \\$aThe EU Referendum collection ran from November 2015 to January 2018 and was curated by staff at the legal deposit libraries. It aimed to reflect the views and stances of political parties and individual politicians, including MEPs, news and media comment from the quality and popular press and political bloggers, the activites of a wide range of pro-leave and pro-remain pressure groups, the views of professional and trade associations, and analysis by think tanks and academic research centres.
=610  20$aEuropean Union$xMembership.
=650  \0$aReferendum$zGreat Britain.
=650  \0$aCommunication in politics$zGreat Britain.
=650  \0$aPolitical participation$zGreat Britain.
=650  \0$aInternet$xPolitical aspects$zGreat Britain.
=650  \0$aSocial media$xPolitical aspects$zGreat Britain.
=650  \0$aPressure groups$zGreat Britain.
=650  \0$aPolitical parties$zGreat Britain.
=651  \0$aGreat Britain$xPolitics and government$y2007-
=651  \0$aGreat Britain$xForeign relations$zEuropean Union countries.
=651  \0$aEuropean Union countries$xForeign relations$zGreat Britain.
=655  \7$aWeb archives.$2fast$0(OCoLC)fst02008857
=710  2\$aUK Web Archive,$ecollector.
=856  40$uhttps://www.webarchive.org.uk/en/ukwa/collection/649$yUK Web Archive
=859  \\$aXLD$bUK Web Archive
=985  \\$aUpdated by MS generated file for WR2302-017
=CAT  \\$a11433$b40$c20200203$lBLL01$h1135
=CAT  \\$a11279$b40$c20200304$lBLL01$h1149
=CAT  \\$a11279$b40$c20200304$lBLL01$h1415
=CAT  \\$a11279$b40$c20200310$lBLL01$h0850
=CAT  \\$a3391$b40$c20200312$lBLL01$h1152
=CAT  \\$a3391$b40$c20200312$lBLL01$h1207
=CAT  \\$a3391$b40$c20200312$lBLL01$h1217
=CAT  \\$aW2302-0174$c20230223$lBLL01$h2044
=CAT  \\$a3391$b40$c20230305$lBLL01$h1645
=FIN  \\$aY$d20200203
=LAS  \\$a3391$b40$c20230305$lBLL01$h1645

