=LDR  02544cai a2200505 i 4500
=001  019698322
=003  Uk
=005  20230223171438.0
=006  m\\\\\|\\d\|\\\\\\
=007  cr\|||||||||||
=008  090428d20092009enk||\||o||||||\\\a2eng\\
=FMT  \\$a  SE
=040  \\$aUk$beng$cUk$erda
=042  \\$aukblsr
=082  04$a324.94108611$223
=245  00$aEuropean Parliament elections 2009.
=264  \1$a[London] :$bUK Web Archive,$c2009.
=300  \\$a1 collection of archived websites (213 web resources)
=336  \\$atext$2rdacontent
=337  \\$acomputer$2rdamedia
=338  \\$aonline resource$2rdacarrier
=500  \\$aTitle from collection entry page (viewed February 3, 2020).
=520  \\$aThe British Library agreed to participate in an international project to archive websites associated with the 2009 European Parliament elections led by the Bibliotheque Nationale de France. The sites were collected between May and July 2009, during and shortly after the campaign. The British Library selected national political party and constituency websites, candidates' campaign websites, articles from UK-based news sites, and campaign materials and manifestos issued by UK-based interest groups and think tanks. To give a rounded picture of the campaign, the collection also includes some materials from Pan-European civil society organisations and political parties and groupings and EU institutions based in the UK.
=610  20$aEuropean Parliament$xElections, 2009.
=650  \0$aPolitical campaigns$zGreat Britain.
=650  \0$aPolitical participation$zGreat Britain.
=650  \0$aPolitical parties$zGreat Britain.
=650  \0$aPressure groups$zGreat Britain.
=650  \0$aCommunication in politics$zGreat Britain.
=650  \0$aInternet$xPolitical aspects$zGreat Britain.
=655  \7$aWeb archives.$2fast$0(OCoLC)fst02008857
=710  2\$aBritish Library,$econtributor.
=710  2\$aUK Web Archive,$ecollector.
=856  40$uhttps://www.webarchive.org.uk/en/ukwa/collection/2450$yUK Web Archive
=859  \\$aXLD$bUK Web Archive
=985  \\$aUpdated by MS generated file for WR2302-017
=CAT  \\$a11433$b40$c20200203$lBLL01$h1158
=CAT  \\$a11433$b40$c20200203$lBLL01$h1209
=CAT  \\$a11279$b40$c20200310$lBLL01$h0851
=CAT  \\$a3391$b40$c20200312$lBLL01$h1218
=CAT  \\$a3391$b40$c20200312$lBLL01$h1245
=CAT  \\$a3391$b40$c20200312$lBLL01$h1246
=CAT  \\$aW2302-0174$c20230223$lBLL01$h2044
=FIN  \\$aY$d20200203
=LAS  \\$aW2302-0174$b00$c20230223$lBLL01$h2044

