=LDR  02297cai a2200469 i 4500
=001  019698327
=003  Uk
=005  20230223171438.0
=006  m\\\\\|\\d\|\\\\\\
=007  cr\|||||||||||
=008  090428d20142014enk||\||o||||||\\\a2eng\\
=FMT  \\$a  SE
=040  \\$aUk$beng$cUk$erda
=042  \\$aukblsr
=082  04$a324.94108612$223
=245  00$aEuropean Parliament elections 2014.
=264  \1$a[London] :$bUK Web Archive,$c2014.
=300  \\$a1 collection of archived websites (1794 web resources)
=336  \\$atext$2rdacontent
=337  \\$acomputer$2rdamedia
=338  \\$aonline resource$2rdacarrier
=500  \\$aTitle from collection entry page (viewed February 3, 2020).
=500  \\$aIncludes subcollections: Academia & think tanks--Candidates--EU Institutions--Interest groups--Opinion Polls--Political Parties: National--Political Parties: Regional & Local--Press & Media Comment--Regulation and Guidance--Social Media.
=520  \\$aThis collection of archived websites focusses on the 2014 European Parliament elections held on Thursday 22 May 2014. The websites, curated by staff at the Legal Deposit Libraries, were collected between January and July 2014. They have a UK focus and include national and constituency political party websites; candidates' campaign websites; and comment fron news sources, interest groups, academia and think tanks.
=610  20$aEuropean Parliament$xElections, 2014.
=650  \0$aPolitical campaigns$zGreat Britain.
=650  \0$aPolitical participation$zGreat Britain.
=650  \0$aPolitical parties$zGreat Britain.
=650  \0$aPressure groups$zGreat Britain.
=650  \0$aCommunication in politics$zGreat Britain.
=650  \0$aInternet$xPolitical aspects$zGreat Britain.
=655  \7$aWeb archives.$2fast$0(OCoLC)fst02008857
=710  2\$aUK Web Archive,$ecollector.
=856  40$uhttps://www.webarchive.org.uk/en/ukwa/collection/4$yUK Web Archive
=859  \\$aXLD$bUK Web Archive
=985  \\$aUpdated by MS generated file for WR2302-017
=CAT  \\$a11433$b40$c20200203$lBLL01$h1208
=CAT  \\$a11279$b40$c20200310$lBLL01$h0852
=CAT  \\$a3391$b40$c20200312$lBLL01$h1258
=CAT  \\$aW2302-0174$c20230223$lBLL01$h2044
=FIN  \\$aY$d20200203
=LAS  \\$aW2302-0174$b00$c20230223$lBLL01$h2044

