=LDR  02429cai a2200469 i 4500
=001  019698330
=003  Uk
=005  20230223171438.0
=006  m\\\\\|\\d\|\\\\\\
=007  cr\|||||||||||
=008  090428d20192019enk||\||o||||||\\\a2eng\\
=FMT  \\$a  SE
=040  \\$aUk$beng$cUk$erda
=042  \\$aukblsr
=082  04$a324.94108612$223
=245  00$aEuropean Parliament elections 2019.
=264  \1$a[London] :$bUK Web Archive,$c2019.
=300  \\$a1 collection of archived websites (979 web resources)
=336  \\$atext$2rdacontent
=337  \\$acomputer$2rdamedia
=338  \\$aonline resource$2rdacarrier
=500  \\$aTitle from collection entry page (viewed February 3, 2020).
=520  \\$aThe British Library acted with the National Libraries of Scotland and Wales and the Bodleian Library to create a collection focused on the UK and devolved administrations' view of the 2019 European Parliament election held on May 23rd, which only took place because Britain failed to leave the EU on March 31st as intended and which witnessed the dramatic rise of the Brexit Party. The sites were collected between April and June 2019, during and shortly after the campaign. The collection consists of national and constituency political party websites, blogs and Twitter feeds; candidates' campaign websites, blogs and Twitter feeds; comment fron news sources; and manifestos and comment from interest groups, academia and think tanks.
=610  20$aEuropean Parliament$xElections, 2019.
=650  \0$aPolitical campaigns$zGreat Britain.
=650  \0$aPolitical participation$zGreat Britain.
=650  \0$aPolitical parties$zGreat Britain.
=650  \0$aPressure groups$zGreat Britain.
=650  \0$aCommunication in politics$zGreat Britain.
=650  \0$aInternet$xPolitical aspects$zGreat Britain.
=650  \0$aSocial media$xPolitical aspects$zGreat Britain.
=655  \7$aWeb archives.$2fast$0(OCoLC)fst02008857
=710  2\$aUK Web Archive,$ecollector.
=856  40$uhttps://www.webarchive.org.uk/en/ukwa/collection/2618$yUK Web Archive
=859  \\$aXLD$bUK Web Archive
=985  \\$aUpdated by MS generated file for WR2302-017
=CAT  \\$a11433$b40$c20200203$lBLL01$h1213
=CAT  \\$a11279$b40$c20200310$lBLL01$h0853
=CAT  \\$a3391$b40$c20200312$lBLL01$h1304
=CAT  \\$aW2302-0174$c20230223$lBLL01$h2044
=FIN  \\$aY$d20200203
=LAS  \\$aW2302-0174$b00$c20230223$lBLL01$h2044

