=LDR  03032cai a2200421 i 4500
=001  019698339
=003  Uk
=005  20230223171438.0
=006  m\\\\\|\\d\|\\\\\\
=007  cr\|||||||||||
=008  090428d20132014enk||\||o||||||\\\a2eng\\
=FMT  \\$a  SE
=040  \\$aUk$beng$cUk$erda
=042  \\$aukblsr
=082  04$a362.10941$223
=245  00$aHealth and Social Care Act 2012 - NHS Reforms.
=264  \1$a[London] :$bUK Web Archive,$c2013-2014.
=300  \\$a1 collection of archived websites (809 web resources)
=336  \\$atext$2rdacontent
=337  \\$acomputer$2rdamedia
=338  \\$aonline resource$2rdacarrier
=500  \\$aTitle from collection entry page (viewed February 3, 2020).
=500  \\$aIncludes subcollection: NHS.
=520  \\$aThe Health and Social Care Act 2012 brought in the most extensive reorganisation of the structure of the National Health Service in England to date. It removed responsibility for the health of citizens from the Secretary of State for Health, which the post had carried since the inception of the NHS in 1948. It abolished NHS primary care trusts (PCTs) and Strategic Health Authorities (SHAs) and transferred between £60 billion and £80 billion of "commissioning", or health care funds from the abolished PCTs to several hundred "clinical commissioning groups". These were to be partly run by the general practitioners (GPs) in England but formed a major point of access for private service providers. A new executive agency of the Department of Health, Public Health England, was established under the Act on 1 April 2013. The collection was created during 2013 and 2014 and aimed to capture sites before and after implementation of the reform. The websites in this collection, selected by staff at the British Library, include those of the Primary Care Trusts (PCTs), Public health agencies, health and wellbeing boards, Acute trusts, Clinical Commissioning Groups, LINks and their successor bodies, professional bodies, Royal Colleges, unions, Private Sector Care providers, Health Care organisations, charities, patient's groups, political parties, MPs, Central Government, the Department of Health, regulatory bodies, Local Councils, the Press/news, opposing groups/commentators, blogs, twitter feeds, social media, scholarly institutions and research organisations.
=650  \0$aNational health services$zEngland.
=650  \0$aHealth care reform$zEngland.
=650  \7$aHealth services administration$zEngland.
=655  \7$aWeb archives.$2fast$0(OCoLC)fst02008857
=710  2\$aBritish Library,$econtributor.
=710  2\$aUK Web Archive,$ecollector.
=856  40$uhttps://www.webarchive.org.uk/en/ukwa/collection/9$yUK Web Archive
=859  \\$aXLD$bUK Web Archive
=985  \\$aUpdated by MS generated file for WR2302-017
=CAT  \\$a11433$b40$c20200203$lBLL01$h1223
=CAT  \\$a3391$b40$c20200312$lBLL01$h1315
=CAT  \\$aW2302-0174$c20230223$lBLL01$h2044
=FIN  \\$aY$d20200203
=LAS  \\$aW2302-0174$b00$c20230223$lBLL01$h2044

