=LDR  02672cai a2200505 i 4500
=001  019698345
=003  Uk
=005  20230223171438.0
=006  m\\\\\|\\d\|\\\\\\
=007  cr\|||||||||||
=008  090428d20042006enk||\||o||||||\\\a2eng\\
=FMT  \\$a  SE
=040  \\$aUk$beng$cUk$erda
=042  \\$aukblsr
=082  04$a324.94108611$223
=245  00$aUK General Election 2005.
=246  13$aUnited Kingdom General Election 2005
=264  \1$a[London] :$bUK Web Archive,$c2004-2006.
=300  \\$a1 collection of archived websites (152 web resources)
=336  \\$atext$2rdacontent
=337  \\$acomputer$2rdamedia
=338  \\$aonline resource$2rdacarrier
=500  \\$aTitle from collection entry page (viewed February 3, 2020).
=520  \\$aThe 2005 UK general election was held on May 5th and was the third consecutive election won by Tony Blair and the Labour Party. The collection is the first in a series of general election websites curated by the legal deposit libraries. The sites were collected during and after the campaign. The collection includes national political party websites, a sample of candidate and constituency party sites for the whole UK and the sites of leading politicians archived during and immediately after the campaign. The sample of constituency sites drawn for England consists of one urban connurbation and one shire county for each region plus six London boroughs (three inner and three outer). The collection also offers a small sample of opinion polls, and comment by news sources, interest groups, academia and think tanks.
=610  10$aGreat Britain.$bParliament.$bHouse of Commons$xElections, 2005.
=650  \0$aPolitical campaigns$zGreat Britain.
=650  \0$aPolitical participation$zGreat Britain.
=650  \0$aPolitical parties$zGreat Britain.
=650  \0$aPressure groups$zGreat Britain.
=650  \0$aCommunication in politics$zGreat Britain.
=650  \0$aInternet$xPolitical aspects$zGreat Britain.
=650  \0$aCampaign literature$zGreat Britain.
=655  \7$aWeb archives.$2fast$0(OCoLC)fst02008857
=710  2\$aUK Web Archive,$ecollector.
=856  40$uhttps://www.webarchive.org.uk/en/ukwa/collection/2453$yUK Web Archive
=859  \\$aXLD$bUK Web Archive
=985  \\$aUpdated by MS generated file for WR2302-017
=CAT  \\$a11433$b40$c20200203$lBLL01$h1232
=CAT  \\$a11433$b40$c20200203$lBLL01$h1233
=CAT  \\$a11279$b40$c20200310$lBLL01$h0854
=CAT  \\$a11279$b40$c20200310$lBLL01$h0857
=CAT  \\$a3391$b40$c20200312$lBLL01$h1336
=CAT  \\$aW2302-0174$c20230223$lBLL01$h2044
=FIN  \\$aY$d20200203
=LAS  \\$aW2302-0174$b00$c20230223$lBLL01$h2044

