=LDR  03502cai a2200505 i 4500
=001  019698347
=003  Uk
=005  20230223171438.0
=006  m\\\\\|\\d\|\\\\\\
=007  cr\|||||||||||
=008  090428d20102010enk||\||o||||||\\\a2eng\\
=FMT  \\$a  SE
=040  \\$aUk$beng$cUk$erda
=042  \\$aukblsr
=082  04$a324.94108612$223
=245  00$aUK General Election 2010.
=246  13$aUnited Kingdom General Election 2010
=264  \1$a[London] :$bUK Web Archive,$c2010.
=300  \\$a1 collection of archived websites (110 web resources)
=336  \\$atext$2rdacontent
=337  \\$acomputer$2rdamedia
=338  \\$aonline resource$2rdacarrier
=500  \\$aTitle from collection entry page (viewed February 3, 2020).
=500  \\$aIncludes subcollections: UK General Election 2010: Candidates--UK General Election 2010: Election Blogs--UK General Election 2010: Interest Groups--UK General Election 2010: News and Commentary--UK General Election 2010: Opinion Polls--UK General Election 2010: Other--General Election 2010: Political Parties - Local--UK General Election 2010: Political Parties - National--UK General Election 2010: Public and Community Engagement--UK General Election 2010: Regulation and Guidance--UK General Election 2010: Research Centres and Think Tanks.
=520  \\$aThe 2010 General Election was held on May 6th and resulted in a hung Parliament, with the Conservatives 20 seats short of a majority. Following five days of negotiations, a Liberal Democrat-Conservative coalition government was formed. This collection of websites is the second in the UK General Elections series curated by staff at the Legal Deposit Libraries and archived between January and August 2010 during and immediately after the campaign. The collection is built around a sample of candidates' campaign sites and weblogs and party constituency sites covering England, Scotland, Wales and Northern Ireland. The sample of constituency sites drawn for England is the same as that used in 2005 and consists of one urban connurbation and one shire county for each region plus six London boroughs (three inner and three outer).The collection also includes major and minor political party sites, opinion polls, news, commentary by academic research centres and think tanks, regulatory materials and the campaign websites and manifestos of a range of interest groups. Many of the sites chosen encourage public engagement and interactivity.
=610  10$aGreat Britain.$bParliament.$bHouse of Commons$xElections, 2010.
=650  \0$aPolitical campaigns$zGreat Britain.
=650  \0$aPolitical participation$zGreat Britain.
=650  \0$aPolitical parties$zGreat Britain.
=650  \0$aPressure groups$zGreat Britain.
=650  \0$aCommunication in politics$zGreat Britain.
=650  \0$aInternet$xPolitical aspects$zGreat Britain.
=650  \0$aCampaign literature$zGreat Britain.
=655  \7$aWeb archives.$2fast$0(OCoLC)fst02008857
=710  2\$aUK Web Archive,$ecollector.
=856  40$uhttps://www.webarchive.org.uk/en/ukwa/collection/2452$yUK Web Archive
=859  \\$aXLD$bUK Web Archive
=985  \\$aUpdated by MS generated file for WR2302-017
=CAT  \\$a11433$b40$c20200203$lBLL01$h1239
=CAT  \\$a11279$b40$c20200310$lBLL01$h0856
=CAT  \\$a3391$b40$c20200312$lBLL01$h1329
=CAT  \\$a3391$b40$c20200312$lBLL01$h1341
=CAT  \\$aW2302-0174$c20230223$lBLL01$h2044
=FIN  \\$aY$d20200203
=LAS  \\$aW2302-0174$b00$c20230223$lBLL01$h2044

