=LDR  03242cai a2200493 i 4500
=001  019709082
=003  Uk
=005  20230223171447.0
=006  m\\\\\|\\d\|\\\\\\
=007  cr\|||||||||||
=008  090428d20152015enk||\||o||||||\\\a2eng\\
=FMT  \\$a  SE
=040  \\$aUk$beng$cUk$erda
=042  \\$aukblsr
=082  04$a324.94108612$223
=245  00$aUK General Election 2015.
=246  13$aUnited Kingdom General Election 2015
=264  \1$a[London] :$bUK Web Archive,$c2015.
=300  \\$a1 collection of archived websites (7899 web resources)
=336  \\$atext$2rdacontent
=337  \\$acomputer$2rdamedia
=338  \\$aonline resource$2rdacarrier
=500  \\$aTitle from collection entry page (viewed February 10, 2020).
=500  \\$aIncludes subcollections: Candidates--Election Blogs--Interest Groups--News and Commentary--Opinion Polls--Political Parties - Local--Political Parties - National--Public & Community Engagement--Regulation & Guidance--Research Centres & Think Tanks.
=520  \\$aThe 2015 general election took place on May 7th and was the first called under the Fixed-Term Parliament Act 2011. It resulted in a Conservative government led by David Cameron with a small majority. The collection is the third in the UK General Elections series curated by the legal deposit libraries. The sites were collected between March and July 2015, during and shortly after the campaign. To maintain consistency over time, it includes all major and minor political party national sites, blogs and social media feeds. The sample of candidate and constituency party sites for England is identical to that used in 2005, i.e. the same shire county and urban conurbation for each region and the same six London Boroughs (three inner and three outer). Candidate and constituency sites are covered comprehensively for Scotland and Wales and selectively for Northern Ireland (Belfast, Derry and Fermanagh and Tyrone). There is very extensive coverage of news and comment by both the quality and popular press, indexed at the level of the individual article, manifestos issued by campaigning charities, pressure groups and trade and professional associations, opinion polls, and analysis by think tanks and academia.
=610  10$aGreat Britain.$bParliament.$bHouse of Commons$xElections, 2015.
=650  \0$aPolitical campaigns$zGreat Britain.
=650  \0$aPolitical participation$zGreat Britain.
=650  \0$aPolitical parties$zGreat Britain.
=650  \0$aPressure groups$zGreat Britain.
=650  \0$aCommunication in politics$zGreat Britain.
=650  \0$aInternet$xPolitical aspects$zGreat Britain.
=650  \0$aSocial media$xPolitical aspects$zGreat Britain.
=655  \7$aWeb archives.$2fast$0(OCoLC)fst02008857
=710  2\$aUK Web Archive,$ecollector.
=856  40$uhttps://www.webarchive.org.uk/en/ukwa/collection/60$yUK Web Archive
=859  \\$aXLD$bUK Web Archive
=985  \\$aUpdated by MS generated file for WR2302-017
=CAT  \\$a11433$b40$c20200210$lBLL01$h1115
=CAT  \\$a11279$b40$c20200310$lBLL01$h0858
=CAT  \\$a3391$b40$c20200312$lBLL01$h1323
=CAT  \\$aW2302-0174$c20230223$lBLL01$h2045
=FIN  \\$aY$d20200210
=LAS  \\$aW2302-0174$b00$c20230223$lBLL01$h2045

