=LDR  03405cai a2200505 i 4500
=001  019709095
=003  Uk
=005  20230223171447.0
=006  m\\\\\|\\d\|\\\\\\
=007  cr\|||||||||||
=008  090428d20172017enk||\||o||||||\\\a2eng\\
=FMT  \\$a  SE
=040  \\$aUk$beng$cUk$erda
=042  \\$aukblsr
=082  04$a324.94108612$223
=245  00$aUK General Election 2017.
=246  13$aUnited Kingdom General Election 2017
=264  \1$a[London] :$bUK Web Archive,$c2017.
=300  \\$a1 collection of archived websites (2367 web resources)
=336  \\$atext$2rdacontent
=337  \\$acomputer$2rdamedia
=338  \\$aonline resource$2rdacarrier
=500  \\$aTitle from collection entry page (viewed February 10, 2020).
=500  \\$aIncludes subcollections: Blogs, Social Media & Podcasts--Candidates England--Candidates Northern Ireland--Candidates Scotland--Candidates Wales--Interest Groups--News & Commentary--Opinion Polls--Other--Political Parties - Local--Political Parties - National--Public & Community Engagement--Regulation & Guidance--Research Centres & Think Tanks.
=520  \\$aThe 2017 general election which took place on June 8th was a snap election called by Theresa May in the hope of increasing her majority. Instead, it resulted in a hung Parliament. The collection is the fourth in the UK General Elections series curated by the legal deposit libraries. The sites were collected between April and September 2017, during and shortly after the campaign. To maintain consistency over time, it includes all major and minor political party national sites, blogs and Twitter feeds. The sample of candidate and constituency party sites for England is identical to that used in 2005, i.e. the same shire county and urban conurbation for each region and the same six London Boroughs (three inner and three outer). Candidate and constituency sites are covered comprehensively for Scotland and Wales and selectively for Northern Ireland (Belfast, Derry and Fermanagh and Tyrone). There is extensive coverage of manifestos and campaign materials issued by charities, pressure groups and trade and professional associations aiming to influence the next government, opinion polls, and analysis by think tanks and academia. A representative sample of UK news sources is present, but not indexed at the article level.
=610  10$aGreat Britain.$bParliament.$bHouse of Commons$xElections, 2017.
=650  \0$aPolitical campaigns$zGreat Britain.
=650  \0$aPolitical participation$zGreat Britain.
=650  \0$aPolitical parties$zGreat Britain.
=650  \0$aPressure groups$zGreat Britain.
=650  \0$aCommunication in politics$zGreat Britain.
=650  \0$aInternet$xPolitical aspects$zGreat Britain.
=650  \0$aSocial media$xPolitical aspects$zGreat Britain.
=655  \7$aWeb archives.$2fast$0(OCoLC)fst02008857
=710  2\$aUK Web Archive,$ecollector.
=856  40$uhttps://www.webarchive.org.uk/en/ukwa/collection/1233$yUK Web Archive
=859  \\$aXLD$bUK Web Archive
=985  \\$aUpdated by MS generated file for WR2302-017
=CAT  \\$a11433$b40$c20200210$lBLL01$h1125
=CAT  \\$a11279$b40$c20200310$lBLL01$h0858
=CAT  \\$a3391$b40$c20200312$lBLL01$h1318
=CAT  \\$a3391$b40$c20200312$lBLL01$h1319
=CAT  \\$aW2302-0174$c20230223$lBLL01$h2045
=FIN  \\$aY$d20200210
=LAS  \\$aW2302-0174$b00$c20230223$lBLL01$h2045

