=LDR  03017cai a2200661 i 4500
=001  020626886
=003  Uk
=005  20230328123622.0
=006  m\\\\\|\\d\|\\\\\\
=007  cr\|||||||||||
=008  090428c20159999enk||\w\o\\\\f0\\\a2eng\\
=FMT  \\$a  SE
=040  \\$aUk$beng$cUk$erda
=042  \\$aukblsr
=082  04$a630$223
=110  1\$aGreat Britain.$bRural Payments Agency,$ecreator.
=245  10$aBasic Payment Scheme.
=246  3\$aBPS
=264  \1$a[Reading] :$bRural Payments Agency and Department for Environment, Food & Rural Affairs,$c24 February 2015-
=300  \\$a1 archived website
=336  \\$atext$2rdacontent
=337  \\$acomputer$2rdamedia
=338  \\$aonline resource$2rdacarrier
=500  \\$aGOV.UK webpage first archived on March 5, 2015; ongoing.
=500  \\$aAt head of title: Collection.
=506  0\$aLegal Deposit;$cContains public sector information licensed under the Open Government Licence;$eThe Legal Deposit Libraries (Non-Print Works) Regulations (UK).$5Uk
=520  \\$aAll the information you need to know about the main rural payment for farmers before and after Brexit.
=540  \\$aCopying and sharing of this resource is governed by the terms of the Open Government Licence and UK copyright law currently in force.$5Uk
=588  \\$aDescription based on GOV.UK webpage updated July 26, 2022 (archived September 23, 2022).
=650  \7$aAgriculture.$2fast$0(OCoLC)fst00801355
=650  \7$aAgricultural subsidies.$2fast$0(OCoLC)fst00801299
=650  \7$aAgricultural assistance, European.$2fast$0(OCoLC)fst00800485
=650  \7$aAgriculture and state.$2fast$0(OCoLC)fst00801722
=651  \7$aEngland.$2fast$0(OCoLC)fst01219920
=655  \7$aWeb archives.$2fast$0(OCoLC)fst02008857
=690  7\$aOpen Government Licence Collection$2blcoll
=710  1\$aGreat Britain.$bDepartment for Environment, Food and Rural Affairs,$ecreator.
=710  2\$aBritish Library,$ecollector.
=710  2\$aUK Web Archive,$ecollector.
=856  40$uhttps://www.webarchive.org.uk/wayback/archive/20150305022610/https://www.gov.uk/government/collections/basic-payment-scheme$yUK Web Archive
=859  \\$aXLD$bUK Web Archive
=985  \\$aUpdated by MS generated file for WR2302-017
=CAT  \\$a11279$b40$c20220531$lBLL01$h1215
=CAT  \\$a3391$b40$c20220531$lBLL01$h1854
=CAT  \\$a3391$b40$c20220601$lBLL01$h1904
=CAT  \\$a11279$b40$c20220607$lBLL01$h1553
=CAT  \\$a11279$b40$c20220608$lBLL01$h1050
=CAT  \\$a3391$b40$c20220608$lBLL01$h1128
=CAT  \\$a3391$b40$c20220608$lBLL01$h1130
=CAT  \\$a3391$b40$c20220609$lBLL01$h1248
=CAT  \\$a3391$b40$c20220925$lBLL01$h2056
=CAT  \\$a3391$b40$c20220925$lBLL01$h2058
=CAT  \\$a11279$b40$c20220928$lBLL01$h1502
=CAT  \\$a11279$b40$c20221005$lBLL01$h1422
=CAT  \\$aW2302-0174$c20230223$lBLL01$h2101
=CAT  \\$a11279$b40$c20230328$lBLL01$h1229
=CAT  \\$a11279$b40$c20230328$lBLL01$h1236
=LAS  \\$a11279$b40$c20230328$lBLL01$h1236

