=LDR  03778cai a2200781 i 4500
=001  020626960
=003  Uk
=005  20230328131027.0
=006  m\\\\\|\\d\|\\\\\\
=007  cr\|||||||||||
=008  220209c20139999enk||\w\o\s\\f0\\\a2eng\\
=FMT  \\$a  SE
=040  \\$aUk$beng$cUk$erda
=042  \\$aukblsr
=082  04$a342.410853021$223
=110  1\$aGreat Britain.$bCabinet Office,$ecreator.
=245  10$aFreedom of Information statistics.
=246  1\$iAlso known as:$aFOI statistics
=247  10$aGovernment FOI statistics$f2013-2015
=264  \1$a[London] :$bMinistry of Justice,$c26 September 2013-
=264  31$32015-$a[London] :$bCabinet Office and Ministry of Justice
=300  \\$a1 archived website
=336  \\$atext$2rdacontent
=337  \\$acomputer$2rdamedia
=338  \\$aonline resource$2rdacarrier
=500  \\$aGOV.UK webpage first archived on November 9, 2013; ongoing.
=500  \\$aAt head of title: Collection.
=506  0\$aLegal Deposit;$cContains public sector information licensed under the Open Government Licence;$eThe Legal Deposit Libraries (Non-Print Works) Regulations (UK).$5Uk
=520  \\$aThis page gives Freedom of Information statistics for central government bodies. Includes quarterly statistics, with annual cumulaton, plus associated PDFs and Excel tables; also includes links to related content and supporting documents page.
=540  \\$aCopying and sharing of this resource is governed by the terms of the Open Government Licence and UK copyright law currently in force.$5Uk
=588  \\$aDescription based on GOV.UK webpage updated April 27, 2022 (archived April 28, 2022).
=650  \7$aFreedom of information.$2fast$0(OCoLC)fst00934017
=651  \7$aGreat Britain.$2fast$0(OCoLC)fst01204623
=655  \7$aStatistics.$2fast$0(OCoLC)fst01423727
=655  \7$aWeb archives.$2fast$0(OCoLC)fst02008857
=690  7\$aOpen Government Licence Collection$2blcoll
=710  1\$aGreat Britain.$bMinistry of Justice,$ecreator.
=710  2\$aBritish Library,$ecollector.
=710  2\$aUK Web Archive,$ecollector.
=774  08$iTo Q2 April-June 2021 content also issued in PDF as:$tFreedom of information statistics in central government for ...
=856  40$uhttps://www.webarchive.org.uk/wayback/archive/20151204040052/https://www.gov.uk/government/collections/government-foi-statistics$yUK Web Archive
=859  \\$aXLD$bUK Web Archive
=985  \\$aUpdated by MS generated file for WR2302-017
=CAT  \\$a11279$b40$c20220531$lBLL01$h1510
=CAT  \\$a11279$b40$c20220531$lBLL01$h1528
=CAT  \\$a11279$b40$c20220531$lBLL01$h1622
=CAT  \\$a3391$b40$c20220531$lBLL01$h1903
=CAT  \\$a3391$b40$c20220531$lBLL01$h1904
=CAT  \\$a3391$b40$c20220531$lBLL01$h1922
=CAT  \\$a3391$b40$c20220604$lBLL01$h1940
=CAT  \\$a3391$b40$c20220604$lBLL01$h1944
=CAT  \\$a11279$b40$c20220607$lBLL01$h1601
=CAT  \\$a11279$b40$c20220608$lBLL01$h1050
=CAT  \\$a3391$b40$c20220608$lBLL01$h1137
=CAT  \\$a3391$b40$c20220614$lBLL01$h1207
=CAT  \\$a11279$b40$c20220928$lBLL01$h1417
=CAT  \\$a11279$b40$c20220928$lBLL01$h1444
=CAT  \\$a11279$b40$c20220929$lBLL01$h1010
=CAT  \\$a11279$b40$c20220929$lBLL01$h1103
=CAT  \\$a11279$b40$c20220929$lBLL01$h1606
=CAT  \\$a11279$b40$c20221005$lBLL01$h1313
=CAT  \\$a3391$b40$c20230130$lBLL01$h1231
=CAT  \\$a3391$b40$c20230201$lBLL01$h1045
=CAT  \\$aW2302-0174$c20230223$lBLL01$h2101
=CAT  \\$a11279$b40$c20230328$lBLL01$h1249
=CAT  \\$a11279$b40$c20230328$lBLL01$h1310
=LKR  \\$aPAR$b018314985$lBLL01$r774$mFreedom of information statistics.$nFreedom of information statistics in central government for ...
=LAS  \\$a11279$b40$c20230328$lBLL01$h1310

