=LDR  03459cai a2200685 i 4500
=001  020643445
=003  Uk
=005  20230804221129.0
=006  m\\\\\|\\d\|\\\\\\
=007  cr\|||||||||||
=008  090428c20219999enk||\w\o\\\\f0\\\a2eng\\
=FMT  \\$a  SE
=040  \\$aUk$beng$cUk$erda
=042  \\$aukblsr
=082  04$a614.4242$223
=110  2\$aUK Health Security Agency,$ecreator.
=245  10$aHealth Protection Report :$blatest surveillance reports.
=264  \1$a[London] :$bPublic Health England,$c[22 August 2014]-
=264  31$32021-$a[London] :$bUK Health Security Agency
=300  \\$a1 archived website
=336  \\$atext$2rdacontent
=337  \\$acomputer$2rdamedia
=338  \\$aonline resource$2rdacarrier
=500  \\$aGOV.UK webpage first archived on October 5, 2014; ongoing.
=500  \\$aAt head of title: Collection.
=505  0\$aImmunisation -- Zoonoses -- Bacteraemia and healthcare associated infections -- Chemical and environmental hazards -- STIs -- HIV and other BBVs -- Respiratory -- Enteric -- Creutzfeldt-Jakob disease (CJD) -- Emerging infection hazards and outbreak investigation reports.
=506  0\$aLegal Deposit;$cContains public sector information licensed under the Open Government Licence;$eThe Legal Deposit Libraries (Non-Print Works) Regulations (UK).$5Uk
=520  \\$aRoutine reports, and commentary, on data from health protection surveillance schemes.
=540  \\$aCopying and sharing of this resource is governed by the terms of the Open Government Licence and UK copyright law currently in force.$5Uk
=588  \\$aDescription based on GOV.UK webpage updated May 10, 2022 (archived May 13, 2022).
=650  \7$aCommunicable diseases$xEpidemiology.$2fast$0(OCoLC)fst00869891
=650  \7$aCommunicable diseases$xControl.$2fast$0(OCoLC)fst00869887
=650  \7$aPublic health surveillance.$2fast$0(OCoLC)fst01082426
=651  \7$aEngland.$2fast$0(OCoLC)fst01219920
=651  \7$aWales.$2fast$0(OCoLC)fst01207649
=655  \7$aStatistics.$2fast$0(OCoLC)fst01423727
=655  \7$aWeb archives.$2fast$0(OCoLC)fst02008857
=690  7\$aOpen Government Licence Collection$2blcoll
=710  2\$aPublic Health England,$ecreator.
=710  2\$aBritish Library,$ecollector.
=710  2\$aUK Web Archive,$ecollector.
=774  08$iIssues published in PDF 2007-2015:$tHealth protection report$x2756-2492
=856  40$uhttps://www.webarchive.org.uk/wayback/archive/20151003184925/https://www.gov.uk/government/collections/health-protection-report-latest-infection-reports$yUK Web Archive
=859  \\$aXLD$bUK Web Archive
=985  \\$aUpdated by MS generated file for WR2302-017
=CAT  \\$a3391$b40$c20220615$lBLL01$h1629
=CAT  \\$a3391$b40$c20220615$lBLL01$h1633
=CAT  \\$a3391$b40$c20220615$lBLL01$h1656
=CAT  \\$a3391$b40$c20220615$lBLL01$h1944
=CAT  \\$a3391$b40$c20220615$lBLL01$h1953
=CAT  \\$a11279$b40$c20220616$lBLL01$h1606
=CAT  \\$a3072$b40$c20220712$lBLL01$h1616
=CAT  \\$a3391$b40$c20220925$lBLL01$h2345
=CAT  \\$a11279$b40$c20221005$lBLL01$h1620
=CAT  \\$a11279$b40$c20221102$lBLL01$h1333
=CAT  \\$aW2302-0174$c20230223$lBLL01$h2101
=CAT  \\$a11279$b40$c20230328$lBLL01$h1308
=CAT  \\$a3391$b40$c20230804$lBLL01$h2211
=LKR  \\$aPAR$b020584888$lBLL01$r774$mHealth Protection Report : latest surveillance reports.$nHealth protection report
=LAS  \\$a3391$b40$c20230804$lBLL01$h2211

