=LDR  02696cai a2200577 i 4500
=001  020643458
=003  Uk
=005  20230328160939.0
=006  m\\\\\|\\d\|\\\\\\
=007  cr\|||||||||||
=008  090428c20169999enk||\w\o\\\\f0\\\a2eng\\
=FMT  \\$a  SE
=040  \\$aUk$beng$cUk$erda
=042  \\$aukblsr
=082  04$a581.6520942$223
=110  1\$aGreat Britain.$bEnvironment Agency,$ecreator.
=245  10$aHow to stop Japanese knotweed from spreading.
=247  10$aPrevent Japanese knotweed from spreading$f2016-2021
=264  \1$a[Rotherham] :$bEnvironment Agency, Department for Environment, Food & Rural Affairs and Natural England,$c30 March 2016-
=300  \\$a1 archived website
=336  \\$atext$2rdacontent
=337  \\$acomputer$2rdamedia
=338  \\$aonline resource$2rdacarrier
=500  \\$aGOV.UK webpage first archived on April 2, 2016; ongoing.
=500  \\$aAt head of title: Guidance.
=506  0\$aLegal Deposit;$cContains public sector information licensed under the Open Government Licence;$eThe Legal Deposit Libraries (Non-Print Works) Regulations (UK).$5Uk
=520  \\$aHow to identify, stop the spread and dispose of Japanese knotweed in England.
=540  \\$aCopying and sharing of this resource is governed by the terms of the Open Government Licence and UK copyright law currently in force.$5Uk
=588  \\$aDescription based on GOV.UK webpage updated December 21, 2021 (archived June 14, 202).
=650  \7$aJapanese knotweed.$2fast$0(OCoLC)fst00981564
=650  \7$aWeeds$xControl.$2fast$0(OCoLC)fst01173363
=651  \7$aEngland.$2fast$0(OCoLC)fst01219920
=655  \7$aWeb archives.$2fast$0(OCoLC)fst02008857
=690  7\$aOpen Government Licence Collection$2blcoll
=710  1\$aGreat Britain.$bDepartment for Environment, Food & Rural Affairs,$ecreator.
=710  2\$aNatural England (Agency),$ecreator.
=710  2\$aBritish Library,$ecollector.
=710  2\$aUK Web Archive,$ecollector.
=856  40$uhttps://www.webarchive.org.uk/wayback/archive/20171001134509/https://www.gov.uk/guidance/prevent-japanese-knotweed-from-spreading$yUK Web Archive
=859  \\$aXLD$bUK Web Archive
=985  \\$aUpdated by MS generated file for WR2302-017
=CAT  \\$a3391$b40$c20220615$lBLL01$h1946
=CAT  \\$a3391$b40$c20220617$lBLL01$h1702
=CAT  \\$a3391$b40$c20220705$lBLL01$h1447
=CAT  \\$a3391$b40$c20230124$lBLL01$h1347
=CAT  \\$a3391$b40$c20230124$lBLL01$h1350
=CAT  \\$a3391$b40$c20230124$lBLL01$h1513
=CAT  \\$a8874$b40$c20230125$lBLL01$h0935
=CAT  \\$aW2302-0174$c20230223$lBLL01$h2101
=CAT  \\$a11279$b40$c20230328$lBLL01$h1609
=LAS  \\$a11279$b40$c20230328$lBLL01$h1609

