=LDR  03871cai a2200673 i 4500
=001  020650658
=003  Uk
=005  20230328125313.0
=006  m\\\\\|\\d\|\\\\\\
=007  cr\|||||||||||
=008  090428c20219999enk||\w\o\\\\f0\\\a2eng\\
=FMT  \\$a  SE
=040  \\$aUk$beng$cUk$erda
=042  \\$aukblsr
=082  04$a362.10942$223
=110  1\$aGreat Britain.$bPrime Minister's Office,$ecreator.
=245  10$aBuild Back Better :$bOur Plan for Health and Social Care.
=264  \1$a[London] :$bPrime Minister's Office, 10 Downing Street, Cabinet Office, and Department of Health and Social Care,$c7 September 2021-
=300  \\$a1 archived website
=336  \\$atext$2rdacontent
=337  \\$acomputer$2rdamedia
=338  \\$aonline resource$2rdacarrier
=500  \\$aGOV.UK webpage first archived on September 7, 2021; ongoing.
=500  \\$aAt head of title: Policy Paper.
=506  0\$aLegal Deposit;$cContains public sector information licensed under the Open Government Licence;$eThe Legal Deposit Libraries (Non-Print Works) Regulations (UK).$5Uk
=520  \\$aThis paper sets out the government's new plan for health and social care. It provides an overview of how this plan will tackle the electives backlog in the NHS and put the NHS on a sustainable footing. It sets out details of the plan for adult social care in England, including a cap on social care costs and how financial assistance will work for those without substantial assets. It covers wider support that the government will provide for the social care system, and how the government will improve the integration of health and social care. It explains the government's plan to introduce a new Health and Social Care Levy.
=540  \\$aCopying and sharing of this resource is governed by the terms of the Open Government Licence and UK copyright law currently in force.$5Uk
=588  \\$aDescription based on GOV.UK webpage updated March 8, 2022 (archived September 17, 2022).
=650  \7$aMedical policy.$2fast$0(OCoLC)fst01014505
=650  \7$aNational health services$xAdministration.$2fast$0(OCoLC)fst01033566
=650  \7$aIntegrated delivery of health care.$2fast$0OCoLC)fst00975635
=650  \7$aSocial service.$2fast$0(OCoLC)fst01123192
=651  \7$aEngland.$2fast$0(OCoLC)fst01219920
=655  \7$aWeb archives.$2fast$0(OCoLC)fst02008857
=690  7\$aOpen Government Licence Collection$2blcoll
=710  1\$aGreat Britain.$bDepartment of Health & Social Care,$ecreator.
=710  1\$aGreat Britain.$bCabinet Office,$ecreator.
=710  2\$aBritish Library,$ecollector.
=710  2\$aUK Web Archive,$ecollector.
=774  0\$aGreat Britain. Prime Minister's Office.$tBuilding Back Better
=856  40$uhttps://www.webarchive.org.uk/wayback/en/archive/*/https://www.gov.uk/government/publications/build-back-better-our-plan-for-health-and-social-care$yUK Web Archive
=859  \\$aXLD$bUK Web Archive
=985  \\$aUpdated by MS generated file for WR2302-017
=CAT  \\$a3391$b40$c20220619$lBLL01$h1702
=CAT  \\$a3391$b40$c20220619$lBLL01$h1704
=CAT  \\$a3391$b40$c20220619$lBLL01$h1751
=CAT  \\$a3391$b40$c20220619$lBLL01$h1755
=CAT  \\$a3391$b40$c20220621$lBLL01$h1807
=CAT  \\$a3391$b40$c20220713$lBLL01$h1415
=CAT  \\$a11279$b40$c20220921$lBLL01$h1650
=CAT  \\$a11279$b40$c20220922$lBLL01$h1209
=CAT  \\$a11279$b40$c20220922$lBLL01$h1357
=CAT  \\$a11279$b40$c20220928$lBLL01$h1519
=CAT  \\$a11279$b40$c20221005$lBLL01$h1428
=CAT  \\$a11279$b40$c20221011$lBLL01$h0911
=CAT  \\$aW2302-0174$c20230223$lBLL01$h2102
=CAT  \\$a11279$b40$c20230328$lBLL01$h1253
=LKR  \\$aPAR$b020352764$lBLL01$r774$mBuild Back Better Our Plan for Health and Social Care.$nBuilding Back Better : Our Plan for Health and Social Care.
=LAS  \\$a11279$b40$c20230328$lBLL01$h1253

