=LDR  02999cai a2200589 i 4500
=001  020655619
=003  Uk
=005  20231013020001.0
=006  m\\\\\|\\d\|\\\\\\
=007  cr\|||||||||||
=008  090428c20219999enk||\w\o\\\\f0\\\a2eng\\
=FMT  \\$a  SE
=040  \\$aUk$beng$cUk$erda
=042  \\$aukblsr
=082  04$a343.410870261$223
=110  1\$aGreat Britain.$bDepartment for Business & Trade,$ecreator.
=245  10$aFree Trade Agreement between the United Kingdom of Great Britain and Northern Ireland and Australia.
=264  \1$a[London] :$bDepartment for International Trade,$c16 December 2021-
=264  31$32023-$a[London] :$bDepartment for Business and Trade and Department for International Trade
=300  \\$a1 archived website
=336  \\$atext$2rdacontent
=337  \\$acomputer$2rdamedia
=338  \\$aonline resource$2rdacarrier
=500  \\$aGOV.UK webpage first archived on December 17, 2021; ongoing.
=500  \\$aAt head of title: Collection
=500  \\$aTreaty issued as Command Paper CP 689.
=506  0\$aLegal Deposit;$cContains public sector information licensed under the Open Government Licence;$eThe Legal Deposit Libraries (Non-Print Works) Regulations (UK).$5Uk
=520  \\$aFull text of the 2021 UK-Australia Free Trade Agreement and associated documents.
=540  \\$aCopying and sharing of this resource is governed by the terms of the Open Government Licence and UK copyright law currently in force.$5Uk
=588  \\$aDescription based on GOV.UK web page published December 16, 2021 (archived December 17, 2021).
=650  \7$aFree trade.$2fast$0(OCoLC)fst00933944
=650  \7$aForeign trade regulation.$2fast$0(OCoLC)fst00931923
=651  \7$aGreat Britain.$2fast$0(OCoLC)fst01204623
=651  \7$aAustralia.$2fast$0(OCoLC)fst01204543
=655  \7$aCommercial treaties.$2fast$0(OCoLC)fst01423724
=655  \7$aWeb archives.$2fast$0(OCoLC)fst02008857
=690  7\$aOpen Government Licence Collection$2blcoll
=730  02$aFree Trade Agreement between the United Kingdom of Great Britain and Northern Ireland and Australia$d(2021 December 16 and 17).$f2021
=710  1\$aGreat Britain.$bDepartment for International Trade,$ecreator.
=710  2\$aBritish Library,$ecollector.
=710  2\$aUK Web Archive,$ecollector.
=856  40$uhttps://www.webarchive.org.uk/wayback/en/archive/*/https://www.gov.uk/government/collections/free-trade-agreement-between-the-united-kingdom-of-great-britain-and-northern-ireland-and-australia$yUK Web Archive
=859  \\$aXLD$bUK Web Archive
=985  \\$aUpdated by MS generated file for WR2302-017
=CAT  \\$a3391$b40$c20220622$lBLL01$h1204
=CAT  \\$a3391$b40$c20220622$lBLL01$h1206
=CAT  \\$a3391$b40$c20220623$lBLL01$h1109
=CAT  \\$a3391$b40$c20220731$lBLL01$h1010
=CAT  \\$aW2302-0174$c20230223$lBLL01$h2102
=CAT  \\$a11279$b40$c20230328$lBLL01$h1413
=CAT  \\$a3391$b40$c20231013$lBLL01$h0200
=LAS  \\$a3391$b40$c20231013$lBLL01$h0200

