=LDR  03053cai a2200625 i 4500
=001  020674805
=003  Uk
=005  20230328131254.0
=006  m\\\\\|\\d\|\\\\\\
=007  cr\|||||||||||
=008  090428c20149999enk||\w\o\\\\f0\\\a2eng\\
=FMT  \\$a  SE
=040  \\$aUk$beng$cUk$erda
=042  \\$aukblsr
=082  04$a614.40942$223
=110  2\$aUK Health Security Agency,$ecreator.
=245  10$aSyndromic surveillance :$bsystems and analyses.
=264  \1$a[London] :$bPublic Health England,$c19 August 2014-
=264  31$32021-$a[London] :$bUK Health Security Agency
=300  \\$a1 archived website
=336  \\$atext$2rdacontent
=337  \\$acomputer$2rdamedia
=338  \\$aonline resource$2rdacarrier
=500  \\$aGOV.UK webpage first archived on September 5, 2014; ongoing.
=500  \\$aAt head of title: Collection.
=506  0\$aLegal Deposit;$cContains public sector information licensed under the Open Government Licence;$eThe Legal Deposit Libraries (Non-Print Works) Regulations (UK).$5Uk
=520  \\$aSyndromic surveillance is the process of collecting, analysing and interpreting health-related data to provide an early warning of human or veterinary public health threats, which require public health action. These syndromic surveillance systems provide information for public health action about the spread of illness across England.
=540  \\$aCopying and sharing of this resource is governed by the terms of the Open Government Licence and UK copyright law currently in force.$5Uk
=588  \\$aDescription based on GOV.UK webpage updated January 13, 2022 (archived September 22, 2022).
=650  \7$aPublic health surveillance.$2fast$0(OCoLC)fst01082426
=651  \7$aEngland.$2fast$0(OCoLC)fst01219920
=655  \7$aWeb archives.$2fast$0(OCoLC)fst02008857
=690  7\$aOpen Government Licence Collection$2blcoll
=710  2\$aPublic Health England,$ecreator.
=710  2\$aBritish Library,$ecollector.
=710  2\$aUK Web Archive,$ecollector.
=740  02$aRemote health advice.
=740  02$aGP in-hours consultations bulletin.
=740  02$aGP out-of-hours consultations bulletin.
=740  02$aEmergency department bulletin.
=740  02$aNational ambulance syndromic surveillance system.
=856  40$uhttps://www.webarchive.org.uk/wayback/en/archive/*/https://www.gov.uk/government/collections/syndromic-surveillance-systems-and-analyses$yUK Web Archive
=859  \\$aXLD$bUK Web Archive
=985  \\$aUpdated by MS generated file for WR2302-017
=CAT  \\$a3391$b40$c20220711$lBLL01$h2012
=CAT  \\$a3391$b40$c20220712$lBLL01$h1115
=CAT  \\$a3391$b40$c20220925$lBLL01$h2152
=CAT  \\$a8483$b40$c20220928$lBLL01$h1214
=CAT  \\$a8483$b40$c20220928$lBLL01$h1217
=CAT  \\$a11279$b40$c20220928$lBLL01$h1528
=CAT  \\$a11279$b40$c20221005$lBLL01$h1429
=CAT  \\$aW2302-0174$c20230223$lBLL01$h2102
=CAT  \\$a11279$b40$c20230328$lBLL01$h1257
=CAT  \\$a11279$b40$c20230328$lBLL01$h1312
=LAS  \\$a11279$b40$c20230328$lBLL01$h1312

