=LDR  01945cai a2200433 i 4500
=001  020712550
=003  Uk
=005  20230223173048.0
=006  m\\\\\|\\d\|\\\\\\
=007  cr\|||||||||||
=008  090428c199u9999enk||\w\o\\\\l0\\\a2eng\\
=FMT  \\$a  SE
=040  \\$aUk$beng$cUk$erda
=042  \\$aukblsr
=082  04$a351.427623$223
=110  1\$aBlackburn with Darwen (England).$bBorough Council,$ecreator.
=245  10$aBlackburn with Darwen Borough Council.
=264  \1$aBlackburn :$bBlackburn with Darwen Borough Council,$c[199?]-
=300  \\$a1 archived website
=336  \\$atext$2rdacontent
=337  \\$acomputer$2rdamedia
=338  \\$aonline resource$2rdacarrier
=500  \\$aWebsite first archived on May 20, 2009 ; ongoing
=520  \\$aWebsite provides information on services provided by Blackburn with Darwen Borough Council. It also offers access to information on the council's budget and financial performance, planning policies and local plans, consultations, and agendas and papers of council committee meetings.
=588  \\$aDescription based on website archived May 20, 2009; title from title screen (viewed August 11, 2022).
=610  10$aBlackburn with Darwen (England).$bBorough Council.
=651  \7$aEngland$xBlackburn with Darwen.$2fast$0(OCoLC)fst01295084
=655  \7$aWeb archives.$2fast$0(OCoLC)fst02008857
=710  2\$aBritish Library,$ecollector.
=856  40$uhttps://www.webarchive.org.uk/wayback/en/archive/*/https://www.blackburn.gov.uk/$yUK Web Archive
=859  \\$aXLD$bUK Web Archive
=985  \\$aUpdated by MS generated file for WR2302-017
=CAT  \\$a3391$b40$c20220811$lBLL01$h1843
=CAT  \\$a3391$b40$c20220811$lBLL01$h1955
=CAT  \\$a3391$b40$c20220811$lBLL01$h2043
=CAT  \\$a3391$b40$c20220812$lBLL01$h1948
=CAT  \\$a3391$b40$c20220812$lBLL01$h1953
=CAT  \\$aW2302-0174$c20230223$lBLL01$h2102
=LAS  \\$aW2302-0174$b00$c20230223$lBLL01$h2102

