=LDR  01928cai a2200421 i 4500
=001  020712562
=003  Uk
=005  20230223173048.0
=006  m\\\\\|\\d\|\\\\\\
=007  cr\|||||||||||
=008  090428c20209999enk||\w\o\\\\\0\\\a2eng\\
=FMT  \\$a  SE
=040  \\$aUk$beng$cUk$erda
=042  \\$aukblsr
=082  04$a362.11094256$223
=110  2\$aBedfordshire Hospitals NHS Foundation Trust,$ecreator.
=245  10$aBedfordshire Hospitals NHS Foundation Trust.
=264  \1$a[Luton] :$bBedfordshire Hospitals NHS Foundation Trust,$c[April 2020]-
=300  \\$a1 archived website
=336  \\$atext$2rdacontent
=337  \\$acomputer$2rdamedia
=338  \\$aonline resource$2rdacarrier
=500  \\$aWebpage first archived on August 6, 2020; ongoing.
=520  \\$aWebsite of Bedfordshire Hospitals NHS Foundation Trust which provides a full range of emergency, planned and specialist care including high dependency and intensive care, cancer care, day case surgery, stroke and rehabilitation, maternity and paediatrics, older people's and community services
=588  \\$aDescription based on website archived August 6, 2020 ; title from title screen (viewed August 11, 2022).
=610  20$aBedfordshire Hospitals NHS Foundation Trust.
=650  \7$aHospitals.$2fast$0(OCoLC)fst00961166
=651  \7$aEngland$zBedfordshire.$2fast$0(OCoLC)fst01202831
=655  \7$aWeb archives.$2fast$0(OCoLC)fst02008857
=710  2\$aBritish Library,$ecollector.
=856  40$uhttps://www.webarchive.org.uk/wayback/en/archive/*/https://www.bedfordshirehospitals.nhs.uk/$yUK Web Archive
=859  \\$aXLD$bUK Web Archive
=985  \\$aUpdated by MS generated file for WR2302-017
=CAT  \\$a3391$b40$c20220811$lBLL01$h1958
=CAT  \\$a3391$b40$c20220811$lBLL01$h2039
=CAT  \\$a3391$b40$c20220812$lBLL01$h1954
=CAT  \\$aW2302-0174$c20230223$lBLL01$h2102
=LAS  \\$aW2302-0174$b00$c20230223$lBLL01$h2102

