=LDR  02361cai a2200493 i 4500
=001  020713098
=003  Uk
=005  20230328142716.0
=006  m\\\\\|\\d\|\\\\\\
=007  cr\|||||||||||
=008  090428c20139999enk||\w\o\\\\f0\\\a2eng\\
=FMT  \\$a  SE
=040  \\$aUk$beng$cUk$erda
=042  \\$aukblsr
=082  04$a614.59939200941$223
=110  2\$aPublic Health England,$ecreator.
=245  10$aHIV in the United Kingdom.
=264  \1$a[London] :$bPublic Health England,$c1 November 2013-
=300  \\$a1 archived website
=336  \\$atext$2rdacontent
=337  \\$acomputer$2rdamedia
=338  \\$aonline resource$2rdacarrier
=500  \\$aGOV.UK webpage first archived on October 30, 2014; ongoing.
=500  \\$aAt head of title: Research and Analysis.
=506  0\$aLegal Deposit;$cContains public sector information licensed under the Open Government Licence;$eThe Legal Deposit Libraries (Non-Print Works) Regulations (UK).$5Uk
=520  \\$aHIV epidemiological reports based on Public Health England data on HIV testing, diagnosis and care in the UK. Prior to 2018, HIV diagnosis and care data were presented separately to HIV testing data.
=540  \\$aCopying and sharing of this resource is governed by the terms of the Open Government Licence and UK copyright law currently in force.$5Uk
=588  \\$aDescription based on GOV.UK web page published November 1, 2013 (archived October 30, 2014).
=650  \7$aHIV infections$xEpidemiology.$2fast$0(OCoLC)fst00949883
=650  \7$aAIDS (Disease)$xEpidemiology.$2fast$0(OCoLC)fst00793830
=651  \7$aGreat Britain.$2fast$0(OCoLC)fst01204623
=655  \7$aWeb archives.$2fast$0(OCoLC)fst02008857
=690  7\$aOpen Government Licence Collection$2blcoll
=710  2\$aBritish Library,$ecollector.
=710  2\$aUK Web Archive,$ecollector.
=856  40$uhttps://www.webarchive.org.uk/wayback/en/archive/*/https://www.gov.uk/government/publications/hiv-in-the-united-kingdom$yUK Web Archive
=859  \\$aXLD$bUK Web Archive
=985  \\$aUpdated by MS generated file for WR2302-017
=CAT  \\$a3391$b40$c20220812$lBLL01$h1924
=CAT  \\$a3391$b40$c20220812$lBLL01$h1944
=CAT  \\$a3391$b40$c20220812$lBLL01$h1948
=CAT  \\$aW2302-0174$c20230223$lBLL01$h2102
=CAT  \\$a11279$b40$c20230328$lBLL01$h1427
=LAS  \\$a11279$b40$c20230328$lBLL01$h1427

