=LDR  03422cai a2200637 i 4500
=001  020718787
=003  Uk
=005  20230516090258.0
=006  m\\\\\|\\d\|\\\\\\
=007  cr\|||||||||||
=008  090428c20189999enk||\w\o\\\\f0\\\a2eng\\
=FMT  \\$a  SE
=040  \\$aUk$beng$cUk$erda
=042  \\$aukblsr
=082  04$a614.5$223
=110  2\$aUK Health Security Agency,$ecreator.
=245  10$aHigh consequence infectious diseases :$bmonthly summaries.
=264  \1$a[London] :$bPublic Health England,$c16 February 2018-
=264  31$3October 2021-$a[London]$bUK Health Security Agency
=300  \\$a1 archived website
=336  \\$atext$2rdacontent
=337  \\$acomputer$2rdamedia
=338  \\$aonline resource$2rdacarrier
=500  \\$aGOV.UK webpage first archived on February 19, 2018; ongoing.
=500  \\$aAt head of title: Research and analysis.
=506  0\$aLegal Deposit;$cContains public sector information licensed under the Open Government Licence;$eThe Legal Deposit Libraries (Non-Print Works) Regulations (UK).$5Uk
=520  \\$aThis monthly report provides detailed updates on known High Consequence Infectious Disease (HCID) events around the world. HCID's are characterised by acute infectious illness, ability to spread person-to-person, high case-fatality rate, difficulty in rapid recognition and detection, lack of effective treatments and the need for coordination at the national level to appropriately respond. The purpose of this report is simply to raise awareness.
=540  \\$aCopying and sharing of this resource is governed by the terms of the Open Government Licence and UK copyright law currently in force.$5Uk
=588  \\$aDescription based on GOV.UK webpage updated July 6, 2022 (archived August 8, 2022).
=650  \7$aCommunicable diseases$xStatistics.$2fast$0(OCoLC)fst00869921
=650  \7$aEpidemics.$2fast$0(OCoLC)fst00914079
=655  \7$aWeb archives.$2fast$0(OCoLC)fst02008857
=690  7\$aOpen Government Licence Collection$2blcoll
=710  2\$aPublic Health England,$ecreator.
=710  2\$aBritish Library,$ecollector.
=710  2\$aUK Web Archive,$ecollector.
=774  08$iTo August 2020 content also issued in PDF as:$tGlobal high consequence infectious disease events
=856  40$uhttps://www.webarchive.org.uk/wayback/en/archive/*/https://www.gov.uk/government/publications/high-consequence-infectious-diseases-monthly-summaries$yUK Web Archive
=859  \\$aXLD$bUK Web Archive
=985  \\$aUpdated by MS generated file for WR2302-017
=CAT  \\$a3391$b40$c20220819$lBLL01$h1805
=CAT  \\$a3391$b40$c20220819$lBLL01$h1813
=CAT  \\$a3391$b40$c20220819$lBLL01$h1819
=CAT  \\$a3391$b40$c20220819$lBLL01$h1826
=CAT  \\$a3391$b40$c20220819$lBLL01$h1828
=CAT  \\$a3391$b40$c20220819$lBLL01$h1943
=CAT  \\$a3391$b40$c20220825$lBLL01$h1916
=CAT  \\$a3391$b40$c20220925$lBLL01$h2207
=CAT  \\$a3391$b40$c20220925$lBLL01$h2213
=CAT  \\$a3391$b40$c20220925$lBLL01$h2220
=CAT  \\$a11279$b40$c20221005$lBLL01$h1415
=CAT  \\$aW2302-0174$c20230223$lBLL01$h2103
=CAT  \\$a11279$b40$c20230328$lBLL01$h1316
=CAT  \\$a11279$b40$c20230516$lBLL01$h0902
=LKR  \\$aPAR$b020021235$lBLL01$r774$mHigh consequence infectious diseases : monthly summaries$nGlobal high consequence infectious disease events : monthly update.
=LAS  \\$a11279$b40$c20230516$lBLL01$h0902

