=LDR  03565cai a2200673 i 4500
=001  020718788
=003  Uk
=005  20230518164828.0
=006  m\\\\\|\\d\|\\\\\\
=007  cr\|||||||||||
=008  090428c20149999enk||\w\o\\\\f0\\\a2eng\\
=FMT  \\$a  SE
=040  \\$aUk$beng$cUk$erda
=042  \\$aukblsr
=082  04$a614.4242$223
=110  2\$aUK Health Security Agency,$ecreator.
=245  10$aNotifications of infectious diseases.
=246  3\$aNOIDs
=264  \1$a[London] :$bPublic Health England,$c24 July 2014-
=264  31$3October 2021-$a[London] :$bUK Health Security Agency
=300  \\$a1 archived website
=336  \\$atext$2rdacontent
=337  \\$acomputer$2rdamedia
=338  \\$aonline resource$2rdacarrier
=500  \\$aGOV.UK webpage first archived on July 27, 2014; ongoing.
=500  \\$aAt head of title: Collections.
=506  0\$aLegal Deposit;$cContains public sector information licensed under the Open Government Licence;$eThe Legal Deposit Libraries (Non-Print Works) Regulations (UK).$5Uk
=520  \\$aRegistered medical practitioners in England and Wales have a statutory duty to notify their local authority or local Health Protection Team of suspected cases of certain infectious diseases. All laboratories in England performing a primary diagnostic role must notify UKHSA when they confirm a notifiable organism. These notifications are collected and analyses of local and national trends are published every week.
=540  \\$aCopying and sharing of this resource is governed by the terms of the Open Government Licence and UK copyright law currently in force.$5Uk
=588  \\$aDescription based on GOV.UK webpage updated June 15, 2022 (archived September 24, 2022).
=650  \7$aCommunicable diseases$xStatistics.$2fast$0(OCoLC)fst00869921
=651  \7$aEngland.$2fast$0(OCoLC)fst01219920
=651  \7$aWales.$2fast$0(OCoLC)fst01207649
=655  \7$aWeb archives.$2fast$0(OCoLC)fst02008857
=690  7\$aOpen Government Licence Collection$2blcoll
=710  2\$aPublic Health England,$ecreator.
=710  2\$aBritish Library,$ecollector.
=710  2\$aUK Web Archive,$ecollector.
=774  08$iTo 2 January 2022 content also issued in PDF as:$tNOIDs weekly report. Causative agents report
=774  08$iContent also issued in PDF as:$tNOIDs weekly report
=856  40$uhttps://www.webarchive.org.uk/wayback/en/archive/*/https://www.gov.uk/government/collections/notifications-of-infectious-diseases-noids$yUK Web Archive
=859  \\$aXLD$bUK Web Archive
=985  \\$aUpdated by MS generated file for WR2302-017
=CAT  \\$a3391$b40$c20220819$lBLL01$h1957
=CAT  \\$a3391$b40$c20220819$lBLL01$h2009
=CAT  \\$a3391$b40$c20220819$lBLL01$h2015
=CAT  \\$a3391$b40$c20220819$lBLL01$h2031
=CAT  \\$a3391$b40$c20220825$lBLL01$h1817
=CAT  \\$a3391$b40$c20220825$lBLL01$h1844
=CAT  \\$a3391$b40$c20220925$lBLL01$h2149
=CAT  \\$a3391$b40$c20220925$lBLL01$h2235
=CAT  \\$a11279$b40$c20220928$lBLL01$h1629
=CAT  \\$a11279$b40$c20221005$lBLL01$h1331
=CAT  \\$aW2302-0174$c20230223$lBLL01$h2103
=CAT  \\$a11279$b40$c20230328$lBLL01$h1305
=CAT  \\$a11279$b40$c20230518$lBLL01$h1648
=LKR  \\$aPAR$b020018296$lBLL01$r774$mNotifications of infectious diseases$nNOIDs weekly report. Causative agents report
=LKR  \\$aPAR$b020003237$lBLL01$r774$mNotifications of infectious diseases.$nNOIDs weekly report : statutory notifications of infectious diseases in England and Wales.
=LAS  \\$a11279$b40$c20230518$lBLL01$h1648

