=LDR  03110cai a2200541 i 4500
=001  020790679
=003  Uk
=005  20230328134936.0
=006  m\\\\\|\\d\|\\\\\\
=007  cr\|||||||||||
=008  090428c20229999enk||\w\o\\\\f0\\\a2eng\\
=FMT  \\$a  SE
=040  \\$aUk$beng$cUk$erda
=042  \\$aukblsr
=082  04$a328.410766$223
=110  1\$aGreat Britain.$bPrime Minister's Office,$ecreator.
=245  10$aLegal Opinion by Lord Pannick QC relating to the Privileges Committee.
=264  \1$a[London] :$bPrime Minister's Office,$c2 September 2022-
=300  \\$a1 archived website
=336  \\$atext$2rdacontent
=337  \\$acomputer$2rdamedia
=338  \\$aonline resource$2rdacarrier
=500  \\$aGOV.UK webpage first archived on September 2, 2022; ongoing.
=500  \\$aAt head of title: Correspondence.
=506  0\$aLegal Deposit;$cContains public sector information licensed under the Open Government Licence;$eThe Legal Deposit Libraries (Non-Print Works) Regulations (UK).$5Uk
=520  \\$aThis joint legal opinion relates to the conduct of an inquiry by the Commons Privileges Committee into whether or not the then Prime Minister Boris Johnson misinformed the House about breach of COVID-19 legislation through staff social gatherings at 10 Downing Street during lockdown.
=540  \\$aCopying and sharing of this resource is governed by the terms of the Open Government Licence and UK copyright law currently in force.$5Uk
=588  \\$aDescription based on GOV.UK webpage published September 2, 2022 (archived September 2, 2022).
=600  17$aJohnson, Boris$2fast$0(OCoLC)fst00471788
=610  10$aGreat Britain.$bParliament.$bHouse of Commons.$2fast$0(OCoLC)fst00537373
=650  \7$aLegislators$xDiscipline.$2fast$0(OCoLC)fst00995837
=650  \7$aContempt of legislative bodies.$2fast$0(OCoLC)fst00876636
=650  \7$aParliamentary practice.$2fast$0(OCoLC)fst01053793
=650  \7$aCOVID-19 (Disease)$xLaw and legislation.$2fast$0(OCoLC)fst01984648
=655  \7$aWeb archives.$2fast$0(OCoLC)fst02008857
=690  7\$aOpen Government Licence Collection$2blcoll
=710  2\$aBritish Library,$ecollector.
=710  2\$aUK Web Archive,$ecollector.
=774  0\$aGreat Britain. Parliament. House of Commons. Committee on Privileges (2013-).$tMatter referred on 21 April 2022.
=856  40$uhttps://www.webarchive.org.uk/wayback/en/archive/*/https://www.gov.uk/government/publications/legal-opinion-by-lord-pannick-qc-relating-to-the-privileges-committee$yUK Web Archive
=859  \\$aXLD$bUK Web Archive
=985  \\$aUpdated by MS generated file for WR2302-017
=CAT  \\$a3391$b40$c20221101$lBLL01$h1452
=CAT  \\$a3391$b40$c20221101$lBLL01$h1505
=CAT  \\$aW2302-0174$c20230223$lBLL01$h2104
=CAT  \\$a11279$b40$c20230328$lBLL01$h1349
=LKR  \\$aPAR$b020789131$lBLL01$r774$mLegal Opinion by Lord Pannick QC relating to the Privileges Committee.$nMatter referred on 21 April 2022 : comments on joint opinion of Lord Pannick QC and Jason Pobjoy : Third Report of Session 2022-23 /
=LAS  \\$a11279$b40$c20230328$lBLL01$h1349

