=LDR  02193cai a2200421 i 4500
=001  020848036
=003  Uk
=005  20230118173739.0
=006  m\\\\\|\\d\|\\\\\\
=007  cr\|||||||||||
=008  090428c20uu9999nik||\w\o\\\\i0\\\a2eng\\
=FMT  \\$a  SE
=040  \\$aUk$beng$cUk$erda
=042  \\$aukblsr
=082  04$a307.1409415$223
=110  2\$aSpecial EU Programmes Body,$ecreator.
=245  10$aSpecial EU Programmes Body.
=264  \1$aBelfast :$bSpecial EU Programmes Body.
=300  \\$a1 archived website
=336  \\$atext$2rdacontent
=337  \\$acomputer$2rdamedia
=338  \\$aonline resource$2rdacarrier
=500  \\$aWebsite first archived on October 21, 2014 ; ongoing.
=520  \\$aThe Special EU Programmes Body's (SEUPB) role is to help facilitate the positive impact that European Regional Development Funding should have on the lives of people living across Northern Ireland, the Border Region of Ireland and Western Scotland. The SEUPB is responsible for the implementation of the EU's PEACE IV (€270m) and INTERREG VA (€283m) Programmes.It is one of the six cross-border Bodies set up under the "Agreement between the Government of Ireland and the Government of the United Kingdom of Great Britain and Northern Ireland establishing implementing bodies" signed on 8 March 1999 (the British-Irish Agreement of 8 March 1999).
=588  \\$aDescription based on website archived December 14, 2022.
=650  \7$aCommunity development$xFinance.$2fast$0(OCoLC)fst00870832
=650  \7$aPeace-building$xEconomic aspects.$2fast$0(OCoLC)fst01941286
=650  \7$aEconomic assistance, European.$2fast$0(OCoLC)fst00901703
=651  \7$aNorthern Ireland.$2fast$0(OCoLC)fst01205215
=655  \7$aWeb archives.$2fast$0(OCoLC)fst02008857
=710  2\$aBritish Library,$ecollector.
=856  40$uhttps://www.webarchive.org.uk/wayback/en/archive/*/https://www.seupb.eu/$yUK Web Archive
=859  \\$aXLD$bUK Web Archive
=CAT  \\$a3391$b40$c20230101$lBLL01$h2133
=CAT  \\$a3391$b40$c20230102$lBLL01$h1332
=CAT  \\$a3391$b40$c20230102$lBLL01$h1348
=CAT  \\$a3391$b40$c20230118$lBLL01$h1737
=LAS  \\$a3391$b40$c20230118$lBLL01$h1737

