=LDR  02260cai a2200481 i 4500
=001  020872678
=003  Uk
=005  20230201103018.0
=006  m\\\\\|\\d\|\\\\\\
=007  cr\|||||||||||
=008  090428cuuuu9999enk||\w\o\\\\\0\\\a2eng\\
=FMT  \\$a  SE
=040  \\$aUk$beng$cUk$erda
=042  \\$aukblsr
=082  04$a005.8$223
=130  0\$aVirus bulletin (Archived website)
=245  10$aVirus bulletin.
=264  \1$aWallingford :$bVirus Bulletin.
=300  \\$a1 archived website
=336  \\$atext$2rdacontent
=337  \\$acomputer$2rdamedia
=338  \\$aonline resource$2rdacarrier
=500  \\$aWebsite first archived on September 1, 2016 ; ongoing
=506  1\$aNON_PRINT_LEGAL_DEPOSIT
=520  \\$aVirus Bulletin is a security information portal, testing and certification body with a formidable reputation for providing users with independent intelligence about the latest developments in the global threat landscape.The website includes a blog and conference papers as well as certification reports. Captures are incomplete, especially in respect of the conference papers and the Newsletter archive, which is held offsite. However, the certification reports are present.
=540  \\$aCopyright.
=588  \\$aDescription based on website archived November 28, 2022.
=650  \7$aComputer security.$2fast$0(OCoLC)fst00872484
=650  \7$aComputer viruses$xPrevention.$2fast$0(OCoLC)fst00872686
=655  \7$aWeb archives.$2fast$0(OCoLC)fst02008857
=710  2\$aVirus Bulletin Limited.
=710  2\$aBritish Library,$ecollector.
=774  08$iTo April 2021 content also issued in pdf:$tVirus bulletin. VB100 certification report$x2631-9721
=856  40$uhttps://www.webarchive.org.uk/wayback/en/archive/*/https://www.virusbulletin.com/$yUK Web Archive
=859  \\$aXLD$bUK Web Archive
=CAT  \\$a3391$b40$c20230118$lBLL01$h1801
=CAT  \\$a3391$b40$c20230118$lBLL01$h1840
=CAT  \\$a3391$b40$c20230124$lBLL01$h1358
=CAT  \\$a3391$b40$c20230124$lBLL01$h1514
=CAT  \\$a3391$b40$c20230201$lBLL01$h1023
=CAT  \\$a3391$b40$c20230201$lBLL01$h1030
=LKR  \\$aPAR$b019140683$lBLL01$r774$mVirus bulletin.$nVirus bulletin. VB100 certification report
=LAS  \\$a3391$b40$c20230201$lBLL01$h1030

