=LDR  02754cai a2200469 i 4500
=001  020879536
=003  Uk
=005  20230307131148.0
=006  m\\\\\|\\d\|\\\\\\
=007  cr\|||||||||||
=008  090428d20112013enk||\||o||||||\\\a2eng\\
=FMT  \\$a  SE
=040  \\$aUk$beng$cUk$erda
=042  \\$aukblsr
=082  04$a338.7$223
=245  00$aCambridge Network.
=264  \1$a[London] :$bUK Web Archive,$c2011-2013.
=300  \\$a1 collection of archived websites (864 web resources)
=336  \\$atext$2rdacontent
=337  \\$acomputer$2rdamedia
=338  \\$aonline resource$2rdacarrier
=500  \\$aTitle from collection entry page (viewed January 20, 2023).
=520  \\$aThe Cambridge Network is a membership organisation based in the vibrant high technology cluster of Cambridge. The British Library captured the websites of over 700 of the cluster of companies, educational institutions and other organisations associated with the Cambridge Network between 2011 and 2013. The collection comprises many research centres and enterprises associated with the University of Cambridge, such as the Centre for Business Research or the Centre for Advanced Photonics and Electronics (CAPE). Also included are the sites of organisations whose purpose is to facilitate knowledge exchange in general, such as the UK Innovation Research Centre or the Huntingdonshire Business Network. There are also websites from local government, the law, financial services, the charitable sector and the many other parts that go to make up the rich ecology of business in a local area. This collection will hopefully be of great value in capturing a snapshot of innovation in progress in a particular geographical area.
=610  27$aCambridge Network$2fast$0(OCoLC)fst02014130
=650  \7$aBusiness networks.$2fast$0(OCoLC)fst00842802
=650  \7$aBusiness enterprises$xTechnological innovations.$2fast$0(OCoLC)fst00842646
=650  \7$aBusiness enterprises$xEconomic aspects.$2fast$0(OCoLC)fst00842548
=650  \7$aResearch institutes$xEconomic aspects.$2fast$0(OCoLC)fst01095307
=651  \7$aEngland$zCambridge.$2fast$0(OCoLC)fst01204479
=648  \7$a2011-2013.$2fast
=655  \7$aWeb archives.$2fast$0(OCoLC)fst02008857
=710  2\$aUK Web Archive,$ecollector.
=856  40$uhttps://www.webarchive.org.uk/en/ukwa/collection/2442$yUK Web Archive
=859  \\$aXLD$bUK Web Archive
=CAT  \\$a11279$b40$c20230120$lBLL01$h1054
=CAT  \\$a11279$b40$c20230125$lBLL01$h1156
=CAT  \\$a7164$b40$c20230228$lBLL01$h1350
=CAT  \\$a7164$b40$c20230228$lBLL01$h1502
=CAT  \\$a7332$b40$c20230302$lBLL01$h1118
=CAT  \\$a7164$b40$c20230307$lBLL01$h1311
=FIN  \\$aY$d20230307
=LAS  \\$a7164$b40$c20230307$lBLL01$h1311

