=LDR  01800cai a2200421 i 4500
=001  020934130
=003  Uk
=005  20230301104108.0
=006  m\\\\\|\\d\|\\\\\\
=007  cr\|||||||||||
=008  090428d20212021enk||\||o||||||\\\a2eng\\
=FMT  \\$a  SE
=040  \\$aUk$beng$cUk$erda
=042  \\$aukblsr
=082  04$a324.9411086$223
=245  00$aScottish Parliamentary Election 2021.
=264  \1$a[London] :$bUK Web Archive,$c2021.
=300  \\$a1 collection of archived websites
=336  \\$atext$2rdacontent
=337  \\$acomputer$2rdamedia
=338  \\$aonline resource$2rdacarrier
=500  \\$aTitle from collection entry page (viewed January 25, 2023).
=500  \\$aWebsites collected between January and May 2021.
=500  \\$aIncludes subcollections: Campaigning Groups--Candidates--Journalism and Commentary--News and Media--Political Parties--Political Parties-Local--Public and Community engagement--Think tanks and research institutes--Trade Unions.
=520  \\$aA collection of sites relating to the Scottish Parliamentary elections held on Thursday, 6th May 2021. The collection was curated by staff at the National Library of Scotland.
=610  10$aScotland.$bScottish Government$xElections, 2021.
=650  \0$aPolitical campaigns$zScotland.
=650  \0$aPolitical participation$zScotland.
=650  \0$aPolitical parties$zScotland.
=655  \7$aWeb archives.$2lcgft
=710  2\$aNational Library of Scotland,$econtributor.
=710  2\$aUK Web Archive,$ecollector.
=856  40$uhttps://www.webarchive.org.uk/en/ukwa/collection/3466$yUK Web Archive
=859  \\$aXLD$bUK Web Archive
=CAT  \\$a11279$b40$c20230125$lBLL01$h1032
=CAT  \\$a7164$b40$c20230301$lBLL01$h1041
=FIN  \\$aY$d20230301
=LAS  \\$a7164$b40$c20230301$lBLL01$h1041

