=LDR  02093cai a2200433 i 4500
=001  020934319
=003  Uk
=005  20230228084556.0
=006  m\\\\\|\\d\|\\\\\\
=007  cr\|||||||||||
=008  090428c20229999enk||\||o||||||\\\a2eng\\
=FMT  \\$a  SE
=040  \\$aUk$beng$cUk$erda
=041  \\$aeng$awel
=042  \\$aukblsr
=082  04$a371.009429$223
=245  00$aSchools in Wales =$bYsgolion yng Nghymru.
=246  31$aYsgolion yng Nghymru
=264  \1$a[London] :$bUK Web Archive,$c2022-
=300  \\$a1 collection of archived websites
=336  \\$atext$2rdacontent
=337  \\$acomputer$2rdamedia
=338  \\$aonline resource$2rdacarrier
=500  \\$aTitle from collection entry page (viewed January 25, 2023).
=500  \\$aIncludes subcollections: Cwricwlwm/ Curriculum--Cynhaliaeth ychwanegol ar gyfer ysgolion addysgu/Additional support for learning schools--Former pupils' associations--Lles Disgybl/ Pupil welfare--Polisi addysg/ Education policy--Pre-school and nursery schools--Safonau ysgol/ School standards--Teacher Training/ Hyfforddiant Athrawon--Undebau Llafur a Grwpiau pwysedd/ Trade Unions and Pressure groups--Ysgolion Addysg Arbennig/ Special Needs Education--Ysgolion Annibynol/ Independent schools--Ysgolion Gyfun/ Secondary schools--Ysgolion Gynradd/ Primary schools.
=520  \\$aThis collection of websites covering Schools across Wales was initiated by staff at the National Library of Wales in 2022.
=546  \\$aWebsites in English and/or Welsh.
=650  \7$aSchools.$2fast$0(OCoLC)fst01107958
=651  \7$aWales.$2fast$0(OCoLC)fst01207649
=655  \7$aWeb archives.$2fast$0(OCoLC)fst02008857
=710  2\$aNational Library of Wales,$econtributor.
=710  2\$aUK Web Archive,$ecollector.
=856  40$uhttps://www.webarchive.org.uk/en/ukwa/collection/3929$yUK Web Archive
=859  \\$aXLD$bUK Web Archive
=CAT  \\$a11279$b40$c20230125$lBLL01$h1555
=CAT  \\$a11279$b40$c20230125$lBLL01$h1608
=CAT  \\$a7164$b40$c20230228$lBLL01$h0845
=FIN  \\$aY$d20230228
=LAS  \\$a7164$b40$c20230228$lBLL01$h0845

