=LDR  01767cai a2200469 i 4500
=001  020934325
=003  Uk
=005  20230228120229.0
=006  m\\\\\|\\d\|\\\\\\
=007  cr\|||||||||||
=008  090428d20212021enk||\||o||||||\\\a2eng\\
=FMT  \\$a  SE
=040  \\$aUk$beng$cUk$erda
=041  \\$aeng$awel
=042  \\$aukblsr
=082  04$a324.94290862$223
=245  00$aWelsh Parliamentary Election 2021 =$bEtholiad Senedd Cymru 2021.
=246  31$aEtholiad Senedd Cymru 2021
=264  \1$a[London] :$bUK Web Archive,$c2021.
=300  \\$a1 collection of archived websites (374 web resources)
=336  \\$atext$2rdacontent
=337  \\$acomputer$2rdamedia
=338  \\$aonline resource$2rdacarrier
=500  \\$aTitle from collection entry page (viewed January 25, 2023).
=500  \\$aWebsites collected between January and May 2021.
=520  \\$aA collection of websites representing the Welsh Parliamentary Election/ Etholiad Senedd Cymru 2021.
=546  \\$aWebsites in English and/or Welsh.
=610  17$aWales.$bWelsh Government.$2fast$0(OCoLC)fst01918115
=650  \7$aElections.$2fast$0(OCoLC)fst00904324
=650  \7$aPolitical campaigns.$2fast$0(OCoLC)fst01069212
=650  \7$aPolitical parties.$2fast$0(OCoLC)fst01069410
=651  \7$aWales.$2fast$0(OCoLC)fst01207649
=648  \7$a2021$2fast
=655  \7$aWeb archives.$2fast$0(OCoLC)fst02008857
=710  2\$aUK Web Archive,$ecollector.
=856  40$uhttps://www.webarchive.org.uk/en/ukwa/collection/3746$yUK Web Archive
=859  \\$aXLD$bUK Web Archive
=CAT  \\$a11279$b40$c20230125$lBLL01$h1608
=CAT  \\$a11279$b40$c20230125$lBLL01$h1624
=CAT  \\$a7164$b40$c20230228$lBLL01$h1202
=FIN  \\$aY$d20230228
=LAS  \\$a7164$b40$c20230228$lBLL01$h1202

