=LDR  02007cai a2200433 i 4500
=001  020934328
=003  Uk
=005  20230228123013.0
=006  m\\\\\|\\d\|\\\\\\
=007  cr\|||||||||||
=008  090428c20229999enk||\||o||||||\\\a2eng\\
=FMT  \\$a  SE
=040  \\$aUk$beng$cUk$erda
=041  \\$aeng$awel
=042  \\$aukblsr
=082  04$a333.72$223
=245  00$aSustainable Development and Wales =$bDatblygu Cynaliadwy a Chymru.
=246  31$aDatblygu Cynaliadwy a Chymru
=264  \1$a[London] :$bUK Web Archive,$c2022-
=300  \\$a1 collection of archived websites
=336  \\$atext$2rdacontent
=337  \\$acomputer$2rdamedia
=338  \\$aonline resource$2rdacarrier
=500  \\$aTitle from collection entry page (viewed January 25, 2023).
=500  \\$aIncludes subcollections: Conservationand protection/ Cadwraeth a diogelu--Environmental protection/ Diogelwch Amgycheddol--Environmentalism/ Amgylcheddaeth--Global Citizenship/ Dinasyddiaeth Fyd-eang--Natural Resources and Energy/ Adnoddau Naturiol ac Egni.
=520  \\$aThis collection of Sustainable Development and Environmental websites was initiated by staff at the National Library of Wales in 2022. Casgliad yma o wefannau Datblygiad Cynaliadwy ac Amgylcheddol, a gychwynnwyd grynhoi yn wreiddiol, gan staff Llyfrgell Genedlaethol Cymru yn 2022.
=546  \\$aWebsites in English and/or Welsh.
=650  \7$aSustainable development.$2fast$0(OCoLC)fst01139731
=650  \7$aEnvironmental protection.$2fast$0(OCoLC)fst00913324
=651  \7$aWales.$2fast$0(OCoLC)fst01207649
=655  \7$aWeb archives.$2fast$0(OCoLC)fst02008857
=710  2\$aNational Library of Wales,$econtributor.
=710  2\$aUK Web Archive,$ecollector.
=856  40$uhttps://www.webarchive.org.uk/en/ukwa/collection/4390$yUK Web Archive
=859  \\$aXLD$bUK Web Archive
=CAT  \\$a11279$b40$c20230125$lBLL01$h1629
=CAT  \\$a7164$b40$c20230228$lBLL01$h1230
=FIN  \\$aY$d20230228
=LAS  \\$a7164$b40$c20230228$lBLL01$h1230

