=LDR  02095cai a2200469 i 4500
=001  020935536
=003  Uk
=005  20230301103128.0
=006  m\\\\\|\\d\|\\\\\\
=007  cr\|||||||||||
=008  090428d20192019enk||\||o||||||\\\a2eng\\
=FMT  \\$a  SE
=040  \\$aUk$beng$cUk$erda
=042  \\$aukblsr
=082  04$a324.94108612$223
=245  00$aUK General Election 2019.
=246  13$aUnited Kingdom General Election 2019
=264  \1$a[London] :$bUK Web Archive,$c2019.
=300  \\$a1 collection of archived websites (2353 web resources)
=336  \\$atext$2rdacontent
=337  \\$acomputer$2rdamedia
=338  \\$aonline resource$2rdacarrier
=500  \\$aTitle from collection entry page (viewed January 26, 2023).
=500  \\$aWebsites collected between November and December 2019.
=500  \\$aIncludes subcollections: Candidates England--Candidates Northern Ireland--Candidates Scotland--Candidates Wales--Interest Groups--News and Commentary--Opinion Polls--Other--Political Parties - Local--Political Parties - National--Public and Community Engagement--Regulation and Guidance--Research Centres and Think Tanks--UK Party Leaders Social Media Accounts.
=520  \\$aA collection of websites representing the 2019 UK General Election.
=610  10$aGreat Britain.$bParliament.$bHouse of Commons$xElections, 2019.
=650  \0$aPolitical campaigns$zGreat Britain.
=650  \0$aPolitical participation$zGreat Britain.
=650  \0$aPolitical parties$zGreat Britain.
=650  \0$aPressure groups$zGreat Britain.
=650  \0$aCommunication in politics$zGreat Britain.
=650  \0$aInternet$xPolitical aspects$zGreat Britain.
=650  \0$aSocial media$xPolitical aspects$zGreat Britain.
=655  \7$aWeb archives.$2lcgft
=710  2\$aUK Web Archive,$ecollector.
=856  40$uhttps://www.webarchive.org.uk/en/ukwa/collection/2798$yUK Web Archive
=859  \\$aXLD$bUK Web Archive
=CAT  \\$a11279$b40$c20230126$lBLL01$h1406
=CAT  \\$a7164$b40$c20230301$lBLL01$h1031
=FIN  \\$aY$d20230301
=LAS  \\$a7164$b40$c20230301$lBLL01$h1031

