=LDR  02232cai a2200433 i 4500
=001  020935554
=003  Uk
=005  20230228093015.0
=006  m\\\\\|\\d\|\\\\\\
=007  cr\|||||||||||
=008  090428d20212023enk||\||o||||||\\\a2eng\\
=FMT  \\$a  SE
=040  \\$aUk$beng$cUk$erda
=042  \\$aukblsr
=082  04$a362.10941$223
=245  00$aTalking about Health.
=264  \1$a[London] :$bUK Web Archive,$c2021-2023.
=300  \\$a1 collection of archived websites
=336  \\$atext$2rdacontent
=337  \\$acomputer$2rdamedia
=338  \\$aonline resource$2rdacarrier
=500  \\$aTitle from collection entry page (viewed January 26, 2023).
=500  \\$aIncludes subcollection: Blogs and Social Media--Charities and non-profit organisations--Commercial / industrial health sector--Focus--Government--Health professions--NHS--News & commentary--Politics and health--Research.
=520  \\$aThis collection builds on the work of "Coronavirus (COVID-19) UK" topic in the Pandemic Outbreaks collection, and includes information and discussion around broader health issues. It was created by web archivists at the University of Cambridge, the University of Edinburgh, the University of Oxford and the National Library of Scotland. The collection has been created through a collaborative pilot project, "The Archive of Tomorrow: Health Information and Misinformation in the UK Web Archive", funded by the Wellcome Trust.
=650  \7$aPublic health.$2fast$0(OCoLC)fst01082238
=650  \7$aHealth$xInformation services.$2fast$0(OCoLC)fst00952760
=651  \7$aGreat Britain.$2fast$0(OCoLC)fst01204623
=655  \7$aWeb archives.$2fast$0(OCoLC)fst02008857
=710  2\$aUniversity of Cambridge,$econtributor.
=710  2\$aUniversity of Edinburgh,$econtributor.
=710  2\$aUniversity of Oxford,$econtributor.
=710  2\$aNational Library of Scotland,$econtributor.
=710  2\$aUK Web Archive,$ecollector.
=856  40$uhttps://www.webarchive.org.uk/en/ukwa/collection/4028$yUK Web Archive
=859  \\$aXLD$bUK Web Archive
=CAT  \\$a11279$b40$c20230126$lBLL01$h1431
=CAT  \\$a7164$b40$c20230228$lBLL01$h0930
=FIN  \\$aY$d20230228
=LAS  \\$a7164$b40$c20230228$lBLL01$h0930

