=LDR  01897cai a2200385 i 4500
=001  020935563
=003  Uk
=005  20230302101421.0
=006  m\\\\\|\\d\|\\\\\\
=007  cr\|||||||||||
=008  090428d20212022enk||\||o||||||\\\a2eng\\
=FMT  \\$a  SE
=040  \\$aUk$beng$cUk$erda
=042  \\$aukblsr
=082  04$a942.086$223
=245  04$aThe Queen's Platinum Jubilee, 2022.
=264  \1$a[London] :$bUK Web Archive,$c2021-2022.
=300  \\$a1 collection of archived websites (202 web resources)
=336  \\$atext$2rdacontent
=337  \\$acomputer$2rdamedia
=338  \\$aonline resource$2rdacarrier
=500  \\$aTitle from collection entry page (viewed January 26, 2023).
=520  \\$aIn 2022, Queen Elizabeth II celebrated her 70th year as monarch. This occasion was commemorated across the United Kingdom with a variety of events such as tree planting, street parties, and food competitions. The Jubilee provided the opportunity to remark upon the interactions between the public and the monarchy, while also affording the chance to examine the changes in British society by looking at the last 70 years of British History. This collection of websites was curated by Daniela Major, a PhD candidate at the School of Advanced Study, University of London.
=600  00$aElizabeth$bII,$cQueen of Great Britain,$d1926-2022$xAnniversaries, etc.
=655  \7$aWeb archives.$2lcgft
=700  1\$aMajor, Daniela,$econtributor.
=710  2\$aUniversity of London.$bSchool of Advanced Study,$econtributor.
=710  2\$aUK Web Archive,$ecollector.
=856  40$uhttps://www.webarchive.org.uk/en/ukwa/collection/4088$yUK Web Archive
=859  \\$aXLD$bUK Web Archive
=CAT  \\$a11279$b40$c20230126$lBLL01$h1528
=CAT  \\$a7164$b40$c20230301$lBLL01$h1038
=CAT  \\$a7332$b40$c20230302$lBLL01$h1014
=FIN  \\$aY$d20230301
=LAS  \\$a7332$b40$c20230302$lBLL01$h1014

