=LDR  02448cai a2200481 i 4500
=001  020935565
=003  Uk
=005  20230228151040.0
=006  m\\\\\|\\d\|\\\\\\
=007  cr\|||||||||||
=008  090428c20229999enk||\||o||||||\\\a2eng\\
=FMT  \\$a  SE
=040  \\$aUk$beng$cUk$erda
=042  \\$aukblsr
=082  04$a947.7086$223
=245  00$aUkraine 2022.
=264  \1$a[London] :$bUK Web Archive,$c2022-
=300  \\$a1 collection of archived websites
=336  \\$atext$2rdacontent
=337  \\$acomputer$2rdamedia
=338  \\$aonline resource$2rdacarrier
=500  \\$aTitle from collection entry page (viewed January 26, 2023).
=520  \\$aOn 24 February 2022, Russia invaded the Ukraine in a major escalation of the Russo-Ukrainian War that began in 2014. The invasion caused Europe's largest refugee crisis since World War II, with more than 7.7 million Ukrainians fleeing the country and a third of the population displaced. This collection of websites was initiated by the Legal Deposit Libraries in response to these events. The collection currently includes websites of Russian Oligarchs in the UK, Commentators, Charities, Think Tanks and the UK Embassies of Ukraine and the surrounding nations. The collection will remain open to document the conflict as it unfolds and to reflect longer term developments such as fuel and agricultural crises resulting from the conflict.
=647  \7$aUkraine Conflict$d(2014-).$0(OCoLC)fst01921502$2fast
=650  \7$aInternational relations.$2fast$0(OCoLC)fst00977053
=650  \7$aSocial conditions.$2fast$0(OCoLC)fst01919811
=650  \7$aEconomic conditions.$2fast$0(OCoLC)fst01919582
=650  \7$aHumanitarian assistance.$2fast$0(OCoLC)fst00963553
=650  \7$aRefugees.$2fast$0(OCoLC)fst01092797
=651  \7$aUkraine.$2fast$0(OCoLC)fst01211738
=651  \7$aEurope.$2fast$0(OCoLC)fst01245064
=651  \7$aRussia (Federation)$2fast$0(OCoLC)fst01262050
=648  \7$a2022-$2fast
=655  \7$aHistory.$2fast$0(OCoLC)fst01411628
=655  \7$aWeb archives.$2fast$0(OCoLC)fst02008857
=710  2\$aUK Web Archive,$ecollector.
=859  \\$aXLD$bUK Web Archive
=856  40$uhttps://www.webarchive.org.uk/en/ukwa/collection/4214$yUK Web Archive
=CAT  \\$a11279$b40$c20230126$lBLL01$h1534
=CAT  \\$a7164$b40$c20230228$lBLL01$h1048
=CAT  \\$a7164$b40$c20230228$lBLL01$h1510
=FIN  \\$aY$d20230228
=LAS  \\$a7164$b40$c20230228$lBLL01$h1510

