=LDR  01997cai a2200385 i 4500
=001  020935570
=003  Uk
=005  20230228114153.0
=006  m\\\\\|\\d\|\\\\\\
=007  cr\|||||||||||
=008  090428c20199999enk||\||o||||||\\\a2eng\\
=FMT  \\$a  SE
=040  \\$aUk$beng$cUk$erda
=042  \\$aukblsr
=082  04$a323.340941$223
=245  00$aUnfinished Business :$bthe Fight for Women's Rights.
=264  \1$a[London] :$bUK Web Archive,$c2019-
=300  \\$a1 collection of archived websites
=336  \\$atext$2rdacontent
=337  \\$acomputer$2rdamedia
=338  \\$aonline resource$2rdacarrier
=500  \\$aTitle from collection entry page (viewed January 26, 2023).
=520  \\$aThis collection was created to coincide with the 2020 British Library exhibition: 'Unfinished Business: The Fight for Women's Rights'. The exhibition explored contemporary debates around women's rights and gender equality in the UK in the context of a long history of activism while this web collection is a snapshot of the surge of activism around women's rights issues that has emerged online. The UK Web Archive also has two complimentary web archive collections. The Gender Equality collection is still active and seeking nominations while the Women's Issues collection was a collaboration with the Women's Library at LSE from 2005 to 2013.
=650  \7$aWomen's rights.$2fast$0(OCoLC)fst01178818
=650  \7$aSex discrimination against women.$2fast$0(OCoLC)fst01114376
=650  \7$aWomen$xPolitical activity.$2fast$0(OCoLC)fst01734136
=651  \7$aGreat Britain.$2fast$0(OCoLC)fst01204623
=655  \7$aWeb archives.$2fast$0(OCoLC)fst02008857
=710  2\$aUK Web Archive,$ecollector.
=856  40$uhttps://www.webarchive.org.uk/en/ukwa/collection/2778$yUK Web Archive
=859  \\$aXLD$bUK Web Archive
=CAT  \\$a11279$b40$c20230126$lBLL01$h1540
=CAT  \\$a7164$b40$c20230228$lBLL01$h1141
=FIN  \\$aY$d20230228
=LAS  \\$a7164$b40$c20230228$lBLL01$h1141

