=LDR  02158cai a2200469 i 4500
=001  020935591
=003  Uk
=005  20230823130216.0
=006  m\\\\\|\\d\|\\\\\\
=007  cr\|||||||||||
=008  090428c20229999enk||\||o||||||\\\a2eng\\
=FMT  \\$a  SE
=040  \\$aUk$beng$cUk$erda
=042  \\$aukblsr
=082  04$a362.10941$223
=245  00$aNHS Patient Surveys.
=264  \1$a[London] :$bUK Web Archive,$c2022-
=300  \\$a1 collection of archived websites
=336  \\$atext$2rdacontent
=337  \\$acomputer$2rdamedia
=338  \\$aonline resource$2rdacarrier
=500  \\$aTitle from collection entry page (viewed January 26, 2023).
=520  \\$aThis is a small collection of home pages of selected online NHS Patient Surveys. The surveys are maintained by the Care Quality Commission and provide information and documentation to help healthcare organisations and approved contractors implement the surveys across the NHS Patient Survey Programme. Organising the surveys in this way in the UK Web Archive is intended to make them more discoverable in the British Library catalogue, Explore. We hope to add the number of records catalogued in this way over time.
=610  17$aGreat Britain.$bNational Health Service.$2fast$0(OCoLC)fst00677878
=650  \7$aMedical care surveys.$2fast$0(OCoLC)fst01013897
=650  \7$aPatient satisfaction.$2fast$0(OCoLC)fst01055027
=651  \7$aGreat Britain.$2fast$0(OCoLC)fst01204623
=655  \7$aWeb archives.$2fast$0(OCoLC)fst02008857
=710  2\$aUK Web Archive,$ecollector.
=740  02$aGP patient survey.
=740  02$aAdult inpatient survey.
=740  02$aChildren and youg people's patient experience survey.
=740  02$aCommunity mental health survey.
=740  02$aMaternity survey.
=740  02$aUrgent and emergency care survey.
=856  40$uhttps://www.webarchive.org.uk/en/ukwa/collection/4148$yUK Web Archive
=859  \\$aXLD$bUK Web Archive
=CAT  \\$a11279$b40$c20230126$lBLL01$h1627
=CAT  \\$a7164$b40$c20230228$lBLL01$h0757
=CAT  \\$a11279$b40$c20230823$lBLL01$h1302
=FIN  \\$aY$d20230228
=LAS  \\$a11279$b40$c20230823$lBLL01$h1302

