=LDR  02403nai a2200469 i 4500
=001  020942439
=003  Uk
=005  20230201143007.0
=006  m\\\\\|\\d\|\\\\\\
=007  cr\|||||||||||
=008  090428cuuuu9999enk||\w\o\\\\\0\\\a2eng\\
=FMT  \\$a  SE
=040  \\$aUk$beng$cUk$erda
=042  \\$aukblsr
=082  04$a361.7632$223
=110  2\$aUnited Response (Organisation),$ecreator.
=245  10$aUnited Response.
=246  1\$iGathers to September 2012 have title:$aUR:$bUnited Response
=264  \1$aCroydon :$bUnited Response.
=300  \\$a1 archived website
=336  \\$atext$2rdacontent
=337  \\$acomputer$2rdamedia
=338  \\$aonline resource$2rdacarrier
=500  \\$aWebsite first archived on December 6, 2008; ongoing.
=506  0\$aOpen access rights granted under UKWA Selective Archive Licence.
=520  \\$aUnited Response is a charity which supports adults and young people with disabilities to live the life they choose. That includes people with learning disabilities, physical disabilities, autism and mental health support needs. They can help with things like day-to-day living, finding a house or a job, education, and activities in the local community. Resources available on the website include a blog, the award-winning Easy News, Easygoing news (positive stories in an easy read format), other easy read leaflets for people with additional needs and guides for families and professionals.
=540  \\$aCopyright.
=588  \\$aDescription based on website archived January 31, 2023.
=610  27$aUnited Response (Organisation)$2fast$0(OCoLC)fst02014053
=650  \7$aPeople with disabilities$xServices for.$2fast$0(OCoLC)fst01057328
=650  \7$aPeople with mental disabilities$xServices for.$2fast$0(OCoLC)fst01057420
=651  \7$aGreat Britain.$2fast$0(OCoLC)fst01204623
=655  \7$aWeb archives.$2fast$0(OCoLC)fst02008857
=710  2\$aBritish Library,$ecollector.
=740  02$aEasygoing news.
=774  0\$iTo number 42, 2020 content also issued in PDF:$tEasy news
=856  40$uhttps://www.webarchive.org.uk/wayback/en/archive/*/https://www.unitedresponse.org.uk$yUK Web Archive
=859  \\$aXLD$bUK Web Archive
=CAT  \\$a3391$b40$c20230201$lBLL01$h1419
=CAT  \\$a3391$b40$c20230201$lBLL01$h1430
=LKR  \\$aPAR$b018839386$lBLL01$r774$mUnited Response.$nEasy news.
=LAS  \\$a3391$b40$c20230201$lBLL01$h1430

