=LDR  01543cai a2200385 i 4500
=001  020946386
=003  Uk
=005  20230228145833.0
=006  m\\\\\|\\d\|\\\\\\
=007  cr\|||||||||||
=008  090428d20112022enk||\||o||||||\\\a2eng\\
=FMT  \\$a  SE
=040  \\$aUk$beng$cUk$erda
=042  \\$aukblsr
=082  04$a796.3338$223
=245  00$aRugby League World Cup, England 2021.
=264  \1$a[London] :$bUK Web Archive,$c2021-2022.
=300  \\$a1 collection of archived websites (225 web resources)
=336  \\$atext$2rdacontent
=337  \\$acomputer$2rdamedia
=338  \\$aonline resource$2rdacarrier
=500  \\$aTitle from collection entry page (viewed February 3, 2023).
=520  \\$aA collection of websites relating to the 2021 Rugby League World Cup which was hosted by England from 15 October 2022 to 19 November 2022. Due to the Covid-19 pandemic the 2021 tournament was played in 2022.
=611  27$aWorld Cup (Rugby football)$2fast$0(OCoLC)fst01409526
=650  \7$aRugby League football$xTournaments.$2fast$0(OCoLC)fst01101101
=651  \7$aEngland.$2fast$0(OCoLC)fst01219920
=655  \7$aWeb archives.$2fast$0(OCoLC)fst02008857
=710  2\$aUK Web Archive,$ecollector.
=856  40$uhttps://www.webarchive.org.uk/en/ukwa/collection/4486$yUK Web Archive
=859  \\$aXLD$bUK Web Archive
=CAT  \\$a11279$b40$c20230203$lBLL01$h1017
=CAT  \\$a11279$b40$c20230203$lBLL01$h1538
=CAT  \\$a7164$b40$c20230228$lBLL01$h1458
=FIN  \\$aY$d20230228
=LAS  \\$a7164$b40$c20230228$lBLL01$h1458

