=LDR  03298cai a2200433 i 4500
=001  020946394
=003  Uk
=005  20230302110847.0
=006  m\\\\\|\\d\|\\\\\\
=007  cr\|||||||||||
=008  090428c20219999enk||\||o||||||\\\a2eng\\
=FMT  \\$a  SE
=040  \\$aUk$beng$cUk$erda
=042  \\$aukblsr
=082  04$a305.8951$223
=245  00$aChinese in the UK.
=264  \1$a[London] :$bUK Web Archive,$c2021-
=300  \\$a1 collection of archived websites
=336  \\$atext$2rdacontent
=337  \\$acomputer$2rdamedia
=338  \\$aonline resource$2rdacarrier
=500  \\$aTitle from collection entry page (viewed February 3, 2023).
=520  \\$aSince the early 19th century, different groups of Chinese people from diverse geographical locations, either as travellers or settlers, have arrived in the UK in different periods of time, for various reasons, and through different routes. People of Chinese heritage are culturally and linguistically diverse. Over the past two decades, the Chinese population in the UK have become increasingly dynamic and diverse in the dual contexts of China's global rise and multicultural Britain. However, there is a lack of documentation of this changing population, including their online presence. "Chinese in the UK", a sub-collection within the upcoming "East and Southeast Asians in the UK" collection, aims to preserve the digital traces of the history and lived experiences of people, who acknowledge "Chinese" as part of their multiple identities, through archiving the websites created by and/or for them. "Chinese in the UK'' collection contributes to enriching our understanding of these individuals and communities, who have been shaping the UK's multicultural identity. The collection also contributes to documenting the process of the negotiation of multiple identities and belongings of this racially minoritised group who face persistent exclusion and racism in Britain. Xiao Ma, the lead curator of this collection, is a Doctoral Researcher at the University of Westminster. Her research explores the cultural complexities of London Chinatown from a heritage perspective. Xiao collects the websites for this collection within the framework of her doctoral project to increase her understanding of the population's digital presence and to encourage anti-essentialist and nuanced understanding of British Chinese people among the general public."
=650  \7$aChinese$xSocial life and customs.$2fast$0(OCoLC)fst00857215
=650  \7$aCultural pluralism.$2fast$0(OCoLC)fst01715991
=650  \7$aEthnicity.$2fast$0(OCoLC)fst00916034
=650  \7$aInternet$xSocial aspects.$2fast$0(OCoLC)fst01766793
=651  \7$aGreat Britain.$2fast$0(OCoLC)fst01204623
=655  \7$aWeb archives.$2fast$0(OCoLC)fst02008857
=700  1\$aMa, Xiao$c(Cultural projects manager),$econtributor.
=710  2\$aUK Web Archive,$ecollector.
=856  40$uhttps://www.webarchive.org.uk/en/ukwa/collection/3686$yUK Web Archive
=859  \\$aXLD$bUK Web Archive
=CAT  \\$a11279$b40$c20230203$lBLL01$h1024
=CAT  \\$a11279$b40$c20230203$lBLL01$h1545
=CAT  \\$a7164$b40$c20230228$lBLL01$h1444
=CAT  \\$a7332$b40$c20230302$lBLL01$h1108
=FIN  \\$aY$d20230228
=LAS  \\$a7332$b40$c20230302$lBLL01$h1108

