=LDR  03597cai a2200517 i 4500
=001  020981624
=003  Uk
=005  20230328134418.0
=006  m\\\\\|\\d\|\\\\\\
=007  cr\|||||||||||
=008  090428c20239999enk||\w\o\\\\f0\\\a2eng\\
=FMT  \\$a  SE
=040  \\$aUk$beng$cUk$erda
=042  \\$aukblsr
=082  04$a341.37094$223
=110  1\$aGreat Britain.$bPrime Minister's Office,$ecreator.
=245  14$aThe Windsor Framework.
=264  \1$a[London] :$bPrime Minister's Office, 10 Downing Street,$c27 February 2023-
=300  \\$a1 archived website
=336  \\$atext$2rdacontent
=337  \\$acomputer$2rdamedia
=338  \\$aonline resource$2rdacarrier
=500  \\$aGOV.UK webpage first archived on February 27, 2023; ongoing.
=500  \\$aAt head of title: Policy paper.
=506  0\$aLegal Deposit;$cContains public sector information licensed under the Open Government Licence;$eThe Legal Deposit Libraries (Non-Print Works) Regulations (UK).$5Uk
=520  \\$aThe Northern Ireland Protocol has been the source of acute political, economic and societal difficulties in the two years since it has been operating. The prospect of rigorous implementation of the Protocol has been regarded by communities and businesses in Northern Ireland as unworkable without lasting economic and political damage. The Protocol has already led to significant disruption in the links between Great Britain and Northern Ireland that are integral to its place in our Union and the UK's internal market. The Windsor Framework delivers a form of dual regulation that will work for business and consumers in Northern Ireland, based on the restoration of Northern Ireland's place in the UK internal market, and reflecting that by far the greatest portion of Northern Ireland's economic life will continue to be based on trade within the United Kingdom. As a result over 1,700 pages of EU law - with accompanying European Court of Justice (ECJ) jurisdiction - are disapplied, meaning that core UK trade is based on core UK internal market rules, whether citizens and businesses are based in Belfast or Birmingham.
=540  \\$aCopying and sharing of this resource is governed by the terms of the Open Government Licence and UK copyright law currently in force.$5Uk
=588  \\$aDescription based on GOV.UK webpage updated March 1, 2023 (archived March 4, 2023).
=630  04$aAgreement on the withdrawal of the United Kingdom of Great Britain and Northern Ireland from the European Union and the European Atomic Energy Community$d(2020 January 24).$pProtocol on Ireland/Northern Ireland.
=610  27$aEuropean Union$2fast$0(OCoLC)fst00916630
=650  \7$aInternational relations.$2fast$0(OCoLC)fst00977053
=650  \7$aTrade regulation.$2fast$0(OCoLC)fst01153817
=650  \7$aGovernment aid.$2fast$0(OCoLC)fst00945145
=650  \7$aCustoms administration.$2fast$0(OCoLC)fst00885571
=651  \7$aNorthern Ireland.$2fast$0(OCoLC)fst01205215
=651  \7$aGreat Britain.$2fast$0(OCoLC)fst01204623
=655  \7$aWeb archives.$2fast$0(OCoLC)fst02008857
=690  7\$aOpen Government Licence Collection$2blcoll
=710  2\$aBritish Library,$ecollector.
=710  2\$aUK Web Archive,$ecollector.
=856  40$uhttps://www.webarchive.org.uk/wayback/en/archive/*/https://www.gov.uk/government/publications/the-windsor-framework$yUK Web Archive
=859  \\$aXLD$bUK Web Archive
=CAT  \\$a3391$b40$c20230305$lBLL01$h1638
=CAT  \\$a3391$b40$c20230307$lBLL01$h1001
=CAT  \\$a11279$b40$c20230328$lBLL01$h1344
=LAS  \\$a11279$b40$c20230328$lBLL01$h1344

