=LDR  02629cai a2200541 i 4500
=001  020988340
=003  Uk
=005  20230328143456.0
=006  m\\\\\|\\d\|\\\\\\
=007  cr\|||||||||||
=008  090428c20139999enk||\w\o\\\\f0\\\a2eng\\
=FMT  \\$a  SE
=040  \\$aUk$beng$cUk$erda
=042  \\$aukblsr
=082  04$a363.220942021$223
=110  1\$aGreat Britain.$bHome Office,$ecreator.
=245  10$aPolice workforce England and Wales statistics.
=264  \1$a[London] :$bHome Office,$c18 July 2013-
=300  \\$a1 archived website
=336  \\$atext$2rdacontent
=337  \\$acomputer$2rdamedia
=338  \\$aonline resource$2rdacarrier
=500  \\$aGOV.UK webpage first archived on November 10, 2013; ongoing.
=500  \\$aAt head of title: Collection.
=506  0\$aLegal Deposit;$cContains public sector information licensed under the Open Government Licence;$eThe Legal Deposit Libraries (Non-Print Works) Regulations (UK).$5Uk
=520  \\$aStatistics on police workforce numbers in the 43 police forces in England and Wales and the British Transport Police. The report covers data for police officers, police staff, police community support officers, designated officers and special constables from 2010 onwards. Collection includes user guides.
=540  \\$aCopying and sharing of this resource is governed by the terms of the Open Government Licence and UK copyright law currently in force.$5Uk
=588  \\$aDescription based on GOV.UK webpage updated January 25, 2023 (archived February 6, 2023).
=690  7\$aOpen Government Licence Collection$2blcoll
=650  \7$aPolice$xStatistics.$2fast$0(OCoLC)fst01068523
=651  \7$aEngland.$2fast$0(OCoLC)fst01219920
=651  \7$aWales.$2fast$0(OCoLC)fst01207649
=655  \7$aWeb archives.$2fast$0(OCoLC)fst02008857
=710  2\$aUK Web Archive,$ecollector.
=710  2\$aBritish Library,$ecollector.
=740  02$aPolice workforce, England and Wales.
=740  02$aPolice service strength, England and Wales.
=856  40$uhttps://www.webarchive.org.uk/wayback/en/archive/*/https://www.gov.uk/government/collections/police-workforce-england-and-wales$yUK Web Archive
=859  \\$aXLD$bUK Web Archive
=CAT  \\$a3391$b40$c20230312$lBLL01$h1929
=CAT  \\$a3391$b40$c20230312$lBLL01$h1941
=CAT  \\$a3391$b40$c20230312$lBLL01$h1944
=CAT  \\$a3391$b40$c20230312$lBLL01$h2039
=CAT  \\$a3391$b40$c20230312$lBLL01$h2059
=CAT  \\$a3391$b40$c20230312$lBLL01$h2132
=CAT  \\$a3391$b40$c20230313$lBLL01$h0850
=CAT  \\$a11279$b40$c20230328$lBLL01$h1434
=LAS  \\$a11279$b40$c20230328$lBLL01$h1434

