=LDR  02894cai a2200553 i 4500
=001  020988341
=003  Uk
=005  20230328145903.0
=006  m\\\\\|\\d\|\\\\\\
=007  cr\|||||||||||
=008  090428c20159999enk||\w\o\\\\f0\\\a2eng\\
=FMT  \\$a  SE
=040  \\$aUk$beng$cUk$erda
=042  \\$aukblsr
=082  04$a363.2320942021$223
=110  1\$aGreat Britain.$bHome Office,$ecreator.
=245  10$aPolice use of firearms statistics.
=264  \1$a[London] :$bHome Office,$c9 July 2015-
=300  \\$a1 archived website
=336  \\$atext$2rdacontent
=337  \\$acomputer$2rdamedia
=338  \\$aonline resource$2rdacarrier
=500  \\$aGOV.UK webpage first archived on July 13, 2015; ongoing.
=500  \\$aAt head of title: Collection.
=506  0\$aLegal Deposit;$cContains public sector information licensed under the Open Government Licence;$eThe Legal Deposit Libraries (Non-Print Works) Regulations (UK).$5Uk
=520  \\$aStatistics on police use of firearms in the 43 Home Office funded police forces in England and Wales.The collection covers information on the number of police firearms operations, operations involving armed response vehicles, the number of incidents in which police firearms were discharged at person(s) and the number of firearms officers from April 2007 onwards.
=540  \\$aCopying and sharing of this resource is governed by the terms of the Open Government Licence and UK copyright law currently in force.$5Uk
=588  \\$aDescription based on GOV.UK webpage updated July 14, 2022 (archived September 17, 2022).
=650  \7$aPolice$xStatistics.$2fast$0(OCoLC)fst01068523
=650  \7$aFirearms$xUse in crime prevention.$2fast$0(OCoLC)fst00925624
=650  \7$aPolice shootings.$2fast$0(OCoLC)fst01068686
=651  \7$aEngland.$2fast$0(OCoLC)fst01219920
=651  \7$aWales.$2fast$0(OCoLC)fst01207649
=655  \7$aWeb archives.$2fast$0(OCoLC)fst02008857
=690  7\$aOpen Government Licence Collection$2blcoll
=710  2\$aBritish Library,$ecollector.
=710  2\$aUK Web Archive,$ecollector.
=774  08$iTo 2019/20 content also issued in PDF:$tPolice use of firearms statistics, England and Wales
=856  40$uhttps://www.webarchive.org.uk/wayback/en/archive/*/https://www.gov.uk/government/collections/police-use-of-firearms-statistics$yUK Web Archive
=859  \\$aXLD$bUK Web Archive
=CAT  \\$a3391$b40$c20230312$lBLL01$h2037
=CAT  \\$a3391$b40$c20230312$lBLL01$h2122
=CAT  \\$a3391$b40$c20230312$lBLL01$h2131
=CAT  \\$a3391$b40$c20230313$lBLL01$h0848
=CAT  \\$a3391$b40$c20230313$lBLL01$h0849
=CAT  \\$a3391$b40$c20230321$lBLL01$h0156
=CAT  \\$a11279$b40$c20230328$lBLL01$h1459
=LKR  \\$aPAR$b018618184$lBLL01$r774$mPolice use of firearms statistics.$nPolice use of firearms statistics, England and Wales ... /
=LAS  \\$a11279$b40$c20230328$lBLL01$h1459

