=LDR  02759cai a2200517 i 4500
=001  020988342
=003  Uk
=005  20230328144550.0
=006  m\\\\\|\\d\|\\\\\\
=007  cr\|||||||||||
=008  090428c20139999enk||\w\o\\\\f0\\\a2eng\\
=FMT  \\$a  SE
=040  \\$aUk$beng$cUk$erda
=042  \\$aukblsr
=082  04$a388.0942021$223
=110  1\$aGreat Britain.$bDepartment for Transport,$ecreator.
=245  10$aNational travel survey.
=264  \1$a[London] :$bDepartment for Transport,$c30 July 2013-
=300  \\$a1 archived website
=336  \\$atext$2rdacontent
=337  \\$acomputer$2rdamedia
=338  \\$aonline resource$2rdacarrier
=500  \\$aGOV.UK webpage first archived on November 9, 2013; ongoing.
=500  \\$aAt head of title: Collection.
=506  0\$aLegal Deposit;$cContains public sector information licensed under the Open Government Licence;$eThe Legal Deposit Libraries (Non-Print Works) Regulations (UK).$5Uk
=520  \\$aNational Travel Survey (NTS) is a household survey designed to monitor long-term trends in personal travel and to inform the development of policy. It is the primary source of data on personal travel patterns by residents of England within Great Britain. The survey collects information on how, why, when and where people travel as well as factors affecting travel (for example, car availability and driving licence holding).
=540  \\$aCopying and sharing of this resource is governed by the terms of the Open Government Licence and UK copyright law currently in force.$5Uk
=588  \\$aDescription based on GOV.UK webpage updated 31 August 2022 (archived September 11, 2022).
=650  \7$aTransportation$xStatistics.$2fast$0(OCoLC)fst01155214
=650  \7$aCommuting.$2fast$0(OCoLC)fst00871227
=650  \7$aHousehold surveys.$2fast$0(OCoLC)fst00962152
=651  \7$aEngland.$2fast$0(OCoLC)fst01219920
=655  \7$aWeb archives.$2fast$0(OCoLC)fst02008857
=690  7\$aOpen Government Licence Collection$2blcoll
=710  2\$aBritish Library,$ecollector.
=710  2\$aUK Web Archive,$ecollector.
=774  08$iTo 2020 main results also issued in PDF as:$tNational travel survey. England
=856  40$uhttps://www.webarchive.org.uk/wayback/en/archive/*/https://www.gov.uk/government/collections/national-travel-survey-statistics$yUK Web Archive
=859  \\$aXLD$bUK Web Archive
=CAT  \\$a3391$b40$c20230312$lBLL01$h2136
=CAT  \\$a3391$b40$c20230312$lBLL01$h2150
=CAT  \\$a3391$b40$c20230313$lBLL01$h0901
=CAT  \\$a3391$b40$c20230313$lBLL01$h0908
=CAT  \\$a11279$b40$c20230328$lBLL01$h1445
=LKR  \\$aPAR$b018198338$lBLL01$r774$mNational travel survey.$nNational travel survey. England.
=LAS  \\$a11279$b40$c20230328$lBLL01$h1445

