=LDR  02657cai a2200517 i 4500
=001  020996457
=003  Uk
=005  20230328161714.0
=006  m\\\\\|\\d\|\\\\\\
=007  cr\|||||||||||
=008  090428c20219999enk||\w\o\\\\f0\\\a2eng\\
=FMT  \\$a  SE
=040  \\$aUk$beng$cUk$erda
=042  \\$aukblsr
=082  04$a388.0870942021$223
=110  1\$aGreat Britain.$bDepartment for Transport,$ecreator.
=245  10$aDisability, accessibility and Blue Badge statistics.
=247  10$aTransport: disability and accessibility statistics, England$f2021-2022
=264  \1$a[London] :$bDepartment for Transport,$c24 March 2021-
=300  \\$a1 archived website
=336  \\$atext$2rdacontent
=337  \\$acomputer$2rdamedia
=338  \\$aonline resource$2rdacarrier
=500  \\$aGOV.UK webpage first archived on March 24, 2021; ongoing.
=500  \\$aAt head of title: Collection.
=506  0\$aLegal Deposit;$cContains public sector information licensed under the Open Government Licence;$eThe Legal Deposit Libraries (Non-Print Works) Regulations (UK).$5Uk
=520  \\$aData and statistics about transport related disability, accessibility and disabled parking badges (Blue Badges).
=540  \\$aCopying and sharing of this resource is governed by the terms of the Open Government Licence and UK copyright law currently in force.$5Uk
=588  \\$aDescription based on GOV.UK webpage updated January 18, 2023 (archived March 10, 2023).
=650  \7$aPeople with disabilities$xTransportation.$2fast$0(OCoLC)fst01057351
=650  \7$aPeople with disabilities$xTravel.$2fast$0(OCoLC)fst01057356
=650  \7$aLocal transit accessibility.$2fast$0(OCoLC)fst01741715
=651  \7$aEngland.$2fast$0(OCoLC)fst01219920
=655  \7$aStatistics.$2fast$0(OCoLC)fst01423727
=655  \7$aWeb archives.$2fast$0(OCoLC)fst02008857
=690  7\$aOpen Government Licence Collection$2blcoll
=710  2\$aBritish Library,$ecollector.
=710  2\$aUK Web Archive,$ecollector.
=774  08$iTo 2020 content also issued in PDF:$tTransport: disability and accessibility statistics, England ...
=856  40$uhttps://www.webarchive.org.uk/wayback/en/archive/*/https://www.gov.uk/government/collections/transport-disability-and-accessibility$yUK Web Archive
=859  \\$aXLD$bUK Web Archive
=CAT  \\$a3391$b40$c20230321$lBLL01$h0219
=CAT  \\$a11279$b40$c20230328$lBLL01$h1407
=CAT  \\$a11279$b40$c20230328$lBLL01$h1617
=LKR  \\$aPAR$b020993442$lBLL01$r774$mDisability, accessibility and Blue Badge statistics.$nTransport: disability and accessibility statistics, England ...
=LAS  \\$a11279$b40$c20230328$lBLL01$h1617

