=LDR  03058nai a2200517 i 4500
=001  021000150
=003  Uk
=005  20230328135643.0
=006  m\\\\\|\\d\|\\\\\\
=007  cr\|||||||||||
=008  090428c20219999enk||\w\o\\\\f0\\\a2eng\\
=FMT  \\$a  SE
=040  \\$aUk$beng$cUk$erda
=042  \\$aukblsr
=082  04$a382.0941$223
=110  1\$aGreat Britain.$bDepartment for Business & Trade,$ecreator.
=245  10$aTrade and investment factsheets.
=264  \1$a[London] :$bDepartment for International Trade,$c12 February 2021-
=264  31$32023-$a[London] :$bDepartment for Business and Trade and Department for International Trade
=300  \\$a1 archived website
=336  \\$atext$2rdacontent
=337  \\$acomputer$2rdamedia
=338  \\$aonline resource$2rdacarrier
=500  \\$aGOV.UK webpage first archived on February 12, 2021; ongoing.
=500  \\$aAt head of title: Collection.
=506  0\$aLegal Deposit;$cContains public sector information licensed under the Open Government Licence;$eThe Legal Deposit Libraries (Non-Print Works) Regulations (UK).$5Uk
=520  \\$aThese factsheets summarise the latest statistics on trade and investment between the UK and individual overseas partners. The factsheets provide statistics between the UK and its partners on: exports, imports, and total trade; trade by commodity and service type; regional trade in the UK for goods; UK market share for trading partners; VAT-registered businesses trading goods; foreign direct investment (FDI); 'Ease of doing business' rankings; summary trade and investment data as reported by each partner; economic data and projections. All the figures in the factsheets are the most up to date, as at time of publication. The sources are clearly stated and there is an update schedule for future releases.
=540  \\$aCopying and sharing of this resource is governed by the terms of the Open Government Licence and UK copyright law currently in force.$5Uk
=588  \\$aDescription based on GOV.UK webpage updated March 17, 2023 (archived March 21, 2023).
=650  \7$aInternational trade.$2fast$0(OCoLC)fst00977128
=650  \7$aInvestments, Foreign.$2fast$0(OCoLC)fst00978370
=651  \7$aGreat Britain.$2fast$0(OCoLC)fst01204623
=655  \7$aWeb archives.$2fast$0(OCoLC)fst02008857
=690  7\$aOpen Government Licence Collection$2blcoll
=710  1\$aGreat Britain.$bDepartment for International Trade,$ecreator.
=710  2\$aBritish Library,$ecollector.
=710  2\$aUK Web Archive,$ecollector.
=856  40$uhttps://www.webarchive.org.uk/wayback/en/archive/*/https://www.gov.uk/government/collections/trade-and-investment-factsheets$yUK Web Archive
=859  \\$aXLD$bUK Web Archive
=CAT  \\$a3391$b40$c20230323$lBLL01$h1600
=CAT  \\$a3391$b40$c20230323$lBLL01$h1609
=CAT  \\$a3391$b40$c20230323$lBLL01$h1614
=CAT  \\$a3391$b40$c20230323$lBLL01$h1615
=CAT  \\$a3391$b40$c20230323$lBLL01$h2014
=CAT  \\$a11279$b40$c20230328$lBLL01$h1356
=LAS  \\$a11279$b40$c20230328$lBLL01$h1356

