=LDR  01864nai a2200409 i 4500
=001  021024184
=003  Uk
=005  20230416205508.0
=006  m\\\\\|\\d\|\\\\\\
=007  cr\|||||||||||
=008  090428cuuuu9999enk||\w\o\\\\l0\\\a2eng\\
=FMT  \\$a  SE
=040  \\$aUk$beng$cUk$erda
=042  \\$aukblsr
=082  04$a351.42143$223
=110  1\$aIslington (London, England).$bCouncil,$ecreator.
=245  10$aIslington.
=264  \1$aLondon :$bIslington Council
=300  \\$a1 archived website
=336  \\$atext$2rdacontent
=337  \\$acomputer$2rdamedia
=338  \\$aonline resource$2rdacarrier
=500  \\$aWebsite first archived on July 2, 2008; ongoing.
=506  1\$aLegal deposit;$cOnly available on premises controlled by the deposit library and to one user at any one time;$eThe Legal Deposit Libraries (Non-Print Works) Regulations (UK).$5Uk
=520  \\$aWebsite provides information on services provided by Islingon Council, planning documents and policies, news and access to committee papers and minutes.
=540  \\$aPrinting from this resource is governed by The Legal Deposit Libraries (Non-Print Works) Regulations (UK) and UK copyright law currently in force.$5Uk
=588  \\$aDescription based on website archived April 15, 2023.
=610  17$aIslington (London, England).$bCouncil.$2fast$0(OCoLC)fst02014263
=650  \7$aMunicipal government.$2fast$0(OCoLC)fst01029299
=651  \7$aEngland$zLondon$zIslington.$2fast$0(OCoLC)fst01312996
=655  \7$aWeb archives.$2fast$0(OCoLC)fst02008857
=710  2\$aBritish Library,$ecollector.
=710  2\$aUK Web Archive,$ecollector.
=856  40$uhttps://www.webarchive.org.uk/wayback/en/archive/*/https://www.islington.gov.uk/$yUK Web Archive
=859  \\$aXLD$bUK Web Archive
=CAT  \\$a3391$b40$c20230416$lBLL01$h2055
=LAS  \\$a3391$b40$c20230416$lBLL01$h2055

