=LDR  01923nai a2200421 i 4500
=001  021024541
=003  Uk
=005  20230417175123.0
=006  m\\\\\|\\d\|\\\\\\
=007  cr\|||||||||||
=008  090428cuuuu9999enk||\w\o\\\\l0\\\a2eng\\
=FMT  \\$a  SE
=040  \\$aUk$beng$cUk$erda
=042  \\$aukblsr
=082  04$a351.42188$223
=110  1\$aHaringey (London, England).$bCouncil,$ecreator.
=245  10$aHaringey, London.
=247  10$aHaringey Council$f2008-2015
=264  \1$aLondon :$bHaringey Council
=300  \\$a1 archived website
=336  \\$atext$2rdacontent
=337  \\$acomputer$2rdamedia
=338  \\$aonline resource$2rdacarrier
=500  \\$aWebsite first archived on March 6, 2008; ongoing.
=506  1\$aLegal deposit;$cOnly available on premises controlled by the deposit library and to one user at any one time;$eThe Legal Deposit Libraries (Non-Print Works) Regulations (UK).$5Uk
=520  \\$aWebsite provides information on services provided by Islingon Council, planning documents and policies, news, budget and finance and access to committee papers and minutes.
=540  \\$aPrinting from this resource is governed by The Legal Deposit Libraries (Non-Print Works) Regulations (UK) and UK copyright law currently in force.$5Uk
=588  \\$aDescription based on website archived October 4, 2022.
=610  17$aHaringey (London, England).$bCouncil.$2fast$0(OCoLC)fst01663140
=650  \7$aMunicipal government.$2fast$0(OCoLC)fst01029299
=651  \7$aEngland$zHaringey.$2fast$0(OCoLC)fst01695299
=655  \7$aWeb archives$2fast$0(OCoLC)fst02008857
=710  2\$aBritish Library,$ecollector.
=710  2\$aUK Web Archive,$ecollector.
=856  40$uhttps://www.webarchive.org.uk/wayback/en/archive/*/https://www.haringey.gov.uk/$yUK Web Archive
=859  \\$aXLD$bUK Web Archive
=CAT  \\$a3391$b40$c20230417$lBLL01$h1751
=LAS  \\$a3391$b40$c20230417$lBLL01$h1751

