=LDR  02463nai a2200505 i 4500
=001  021024606
=003  Uk
=005  20230418004031.0
=006  m\\\\\|\\d\|\\\\\\
=007  cr\|||||||||||
=008  090428c20139999enk||\w\o\\\\f0\\\a2eng\\
=FMT  \\$a  SE
=040  \\$aUk$beng$cUk$erda
=042  \\$aukblsr
=082  04$a339.2208460941$223
=110  1\$aGreat Britain.$bDepartment for Work and Pensions,$ecreator.
=245  10$aPensioners' incomes series statistics.
=247  10$aPensioners' incomes series$f2013-2015
=264  \1$a[London] :$bDepartment for Work & Pensions,$c11 July 2013-
=300  \\$a1 archived website
=336  \\$atext$2rdacontent
=337  \\$acomputer$2rdamedia
=338  \\$aonline resource$2rdacarrier
=500  \\$aGOV.UK webpage first archived on November 11, 2013; ongoing.
=500  \\$aAt head of title: Collection.
=506  0\$aLegal Deposit;$cContains public sector information licensed under the Open Government Licence;$eThe Legal Deposit Libraries (Non-Print Works) Regulations (UK).$5Uk
=520  \\$aThis collection contains estimates of the levels, sources and distribution of pensioners' incomes in Great Britain.
=540  \\$aCopying and sharing of this resource is governed by the terms of the Open Government Licence and UK copyright law currently in force.$5Uk
=588  \\$aDescription based on GOV.UK webpage updated 23 March 2023 (archived April 3, 2023).
=650  \7$aRetirement income.$2fast$0(OCoLC)fst01096344
=650  \7$aRetirees$xFinance, Personal.$2fast$0(OCoLC)fst01096263
=651  \7$aGreat Britain.$2fast$0(OCoLC)fst01204623
=655  \7$aStatistics.$2fast$0(OCoLC)fst01423727
=655  \7$aWeb archives.$2fast$0(OCoLC)fst02008857
=690  7\$aOpen Government Licence Collection$2blcoll
=710  2\$aBritish Library,$ecollector.
=710  2\$aUK Web Archive,$ecollector.
=774  08$iTo 2018/19 content also issued in PDF:$tThe Pensioners' incomes series ...
=856  40$uhttps://www.webarchive.org.uk/wayback/en/archive/*/https://www.gov.uk/government/collections/pensioners-incomes-series-statistics--3$yUK Web Archive
=859  \\$aXLD$bUK Web Archive
=CAT  \\$a3391$b40$c20230418$lBLL01$h0033
=CAT  \\$a3391$b40$c20230418$lBLL01$h0035
=CAT  \\$a3391$b40$c20230418$lBLL01$h0040
=LKR  \\$aPAR$b015554998$lBLL01$r774$mPensioners' incomes series statistics.$nThe pensioners' incomes series ...
=LAS  \\$a3391$b40$c20230418$lBLL01$h0040

