=LDR  02875cai a2200541 i 4500
=001  021029298
=003  Uk
=005  20230828182222.0
=006  m\\\\\|\\d\|\\\\\\
=007  cr\|||||||||||
=008  090428c20139999enk||\w\o\\\\f0\\\a2eng\\
=FMT  \\$a  SE
=040  \\$aUk$beng$cUk$erda
=042  \\$aukblsr
=082  04$a363.5991497042021$223
=110  1\$aGreat Britain.$bDepartment for Levelling Up, Housing & Communities,$ecreator.
=245  10$aTraveller caravan count.
=264  \1$a[London] :$bDepartment for Communities and Local Government,$c8 November 2013-
=264  21$32018-2021$a[London] :$bMinistry of Housing, Communities & Local Government
=264  31$3December 2021-$a[London] :$bDepartment for Levelling Up, Housing and Communities and Ministry of Housing, Communities & Local Government
=300  \\$a1 archived website
=336  \\$atext$2rdacontent
=337  \\$acomputer$2rdamedia
=338  \\$aonline resource$2rdacarrier
=500  \\$aGOV.UK webpage first archived on November 9, 2013; ongoing.
=500  \\$aAt head of title: Collection.
=506  0\$aLegal Deposit;$cContains public sector information licensed under the Open Government Licence;$eThe Legal Deposit Libraries (Non-Print Works) Regulations (UK).$5Uk
=520  \\$aStatistical count of the number of traveller caravans on both authorised and unauthorised sites across England. The count takes place every January and July.
=540  \\$aCopying and sharing of this resource is governed by the terms of the Open Government Licence and UK copyright law currently in force.$5Uk
=588  \\$aDescription based on GOV.UK webpage updateded 7 December 2022 (archived January 24, 2023).
=650  \7$aCaravans, Romani.$2fast$0(OCoLC)fst00846717
=650  \7$aTrailer camps.$2fast$0(OCoLC)fst01154395
=651  \7$aEngland.$2fast$0OCoLC)fst01219920
=655  \7$aStatistics.$2fast$0(OCoLC)fst01423727
=655  \7$aWeb archives.$2fast$0(OCoLC)fst02008857
=690  7\$aOpen Government Licence Collection$2blcoll
=710  1\$aGreat Britain.$bDepartment for Communities and Local Government,$ecreator.
=710  1\$aGreat Britain.$bMinistry of Housing, Communities and Local Government,$ecreator.
=710  2\$aBritish Library,$ecollector.
=710  2\$aUK Web Archive,$ecollector.
=774  08$iTo July 2021 content also issued in PDF:$tCount of traveller caravans ... England
=856  40$uhttps://www.webarchive.org.uk/wayback/en/archive/*/https://www.gov.uk/government/collections/traveller-caravan-count$yUK Web Archive
=859  \\$aXLD$bUK Web Archive
=CAT  \\$a3391$b40$c20230420$lBLL01$h1833
=CAT  \\$a3391$b40$c20230504$lBLL01$h2049
=CAT  \\$a3391$b40$c20230828$lBLL01$h1822
=LKR  \\$aPAR$b016676585$lBLL01$r774$mTraveller caravan count.$nCount of traveller caravans ... England.
=LAS  \\$a3391$b40$c20230828$lBLL01$h1822

