=LDR  03207cai a2200553 i 4500
=001  021030821
=003  Uk
=005  20230516213534.0
=006  m\\\\\|\\d\|\\\\\\
=007  cr\|||||||||||
=008  090428c20239999enk||\w\o\\\\f0\\\a2eng\\
=FMT  \\$a  SE
=040  \\$aUk$beng$cUk$erda
=042  \\$aukblsr
=082  04$a362.10140941$223
=110  1\$aGreat Britain.$bDepartment of Health & Social Care,$ecreator.
=245  10$aUK Chief Medical Officers' physical activity guidelines communications framework.
=246  3\$aUnited Kingdom Chief Medical Officers' physical activity guidelines communication framework
=264  \1$a[London] :$bDepartment of Health and Social Care,$c24 March 2023-
=300  \\$a1 archived website
=336  \\$atext$2rdacontent
=337  \\$acomputer$2rdamedia
=338  \\$aonline resource$2rdacarrier
=500  \\$aGOV.UK webpage first archived on March 24, 2023; ongoing.
=500  \\$aAt head of title: Guidance.
=506  0\$aLegal Deposit;$cContains public sector information licensed under the Open Government Licence;$eThe Legal Deposit Libraries (Non-Print Works) Regulations (UK).$5Uk
=520  \\$aThe communications framework provides guidance for the UK and devolved government administrations on how to communicate the UK CMOs' physical activity guidelines to key professionals and practitioners who are required to know, understand and apply the guidelines in practice. The framework also recognises the role of system enablers - those who can support policy and infrastructure developments that enable the guidelines to be implemented.
=540  \\$aCopying and sharing of this resource is governed by the terms of the Open Government Licence and UK copyright law currently in force.$5Uk
=588  \\$aDescription based on GOV.UK webpage published March 24, 2023 (archived April 14, 2023).
=650  \7$aCommunication in public health.$2fast$0(OCoLC)fst01202395
=650  \7$aPhysical fitness$xGovernment policy.$2fast$0(OCoLC)fst01062579
=650  \7$aExercise$xHealth aspects.$2fast$0(OCoLC)fst00917999
=651  \7$aGreat Britain.$2fast$0(OCoLC)fst01204623
=655  \7$aWeb archives.$2fast$0(OCoLC)fst02008857
=690  7\$aOpen Government Licence Collection$2blcoll
=710  2\$aBritish Library,$ecollector.
=710  2\$aUK Web Archive,$ecollector.
=774  0\$tUK Chief Medical Officers' Physical Activity Guidelines
=856  40$uhttps://www.webarchive.org.uk/wayback/en/archive/*/https://www.gov.uk/government/publications/uk-chief-medical-officers-physical-activity-guidelines-communications-framework$yUK Web Archive
=859  \\$aXLD$bUK Web Archive
=CAT  \\$a3391$b40$c20230424$lBLL01$h1857
=CAT  \\$a3391$b40$c20230504$lBLL01$h2041
=CAT  \\$a3391$b40$c20230516$lBLL01$h1744
=CAT  \\$a3391$b40$c20230516$lBLL01$h1746
=CAT  \\$a3391$b40$c20230516$lBLL01$h1746
=CAT  \\$a3391$b40$c20230516$lBLL01$h1951
=CAT  \\$a3391$b40$c20230516$lBLL01$h2135
=LKR  \\$aPAR$b019567355$lBLL01$r774$mUK Chief Medical Officers' physical activity guidelines communications framework.$nUK Chief Medical Officers' Physical Activity Guidelines.
=LAS  \\$a3391$b40$c20230516$lBLL01$h2135

