=LDR  02498nai a2200505 i 4500
=001  021044930
=003  Uk
=005  20230508181530.0
=006  m\\\\\|\\d\|\\\\\\
=007  cr\|||||||||||
=008  090428c20199999enk||\w\o\\\\f0\\\a2eng\\
=FMT  \\$a  SE
=040  \\$aUk$beng$cUk$erda
=042  \\$aukblsr
=082  04$a364.15510941021$223
=110  1\$aGreat Britain.$bHome Office,$ecreator.
=245  10$aNational Referral Mechanism statistics.
=264  \1$a[London] :$bHome Office,$c29 August 2019-
=300  \\$a1 archived website
=336  \\$atext$2rdacontent
=337  \\$acomputer$2rdamedia
=338  \\$aonline resource$2rdacarrier
=500  \\$aGOV.UK webpage first archived on August 30, 2019; ongoing.
=500  \\$aAt head of title: Collection.
=506  0\$aLegal Deposit;$cContains public sector information licensed under the Open Government Licence;$eThe Legal Deposit Libraries (Non-Print Works) Regulations (UK).$5Uk
=520  \\$aStatistics on referrals to the National Referral Mechanism, for potential victims of modern slavery.
=540  \\$aCopying and sharing of this resource is governed by the terms of the Open Government Licence and UK copyright law currently in force.$5Uk
=588  \\$aDescription based on GOV.UK webpage published March 2, 2023 (archived April 6, 2023).
=650  \7$aHuman trafficking.$2fast$0(OCoLC)fst01739818
=650  \7$aSlavery.$2fast$0(OCoLC)fst01120426
=650  \7$aForced labor.$2fast$0(OCoLC)fst00931594
=651  \7$aGreat Britain.$2fast$0(OCoLC)fst01204623
=655  \7$aStatistics.$2fast$0(OCoLC)fst01423727
=655  \7$aWeb archives.$2fast$0(OCoLC)fst02008857
=690  7\$aOpen Government Licence Collection$2blcoll
=710  2\$aBritish Library,$ecollector.
=710  2\$aUK Web Archive,$ecollector.
=774  08$iTo Quarter 4, 2020 content also issued in PDF:$tModern slavery : National referral mechanism and duty to notify statistics : UK ...
=856  40$uhttps://www.webarchive.org.uk/wayback/en/archive/*/https://www.gov.uk/government/collections/national-referral-mechanism-statistics$yUK Web Archive
=859  \\$aXLD$bUK Web Archive
=CAT  \\$a3391$b40$c20230504$lBLL01$h2015
=CAT  \\$a3391$b40$c20230504$lBLL01$h2019
=CAT  \\$a3391$b40$c20230508$lBLL01$h1815
=LKR  \\$aPAR$b020160459$lBLL01$r774$mNational Referral Mechanism statistics.$nModern slavery : National referral mechanism and duty to notify statistics : UK ...
=LAS  \\$a3391$b40$c20230508$lBLL01$h1815

