=LDR  03093nai a2200541 i 4500
=001  021047188
=003  Uk
=005  20230508195634.0
=006  m\\\\\|\\d\|\\\\\\
=007  cr\|||||||||||
=008  090428c20189999enk||\w\o\\\\f0\\\a2eng\\
=FMT  \\$a  SE
=040  \\$aUk$beng$cUk$erda
=042  \\$aukblsr
=082  04$a331.761365941021$223
=110  1\$aGreat Britain.$bMinistry of Justice,$ecreator.
=245  10$aHMPPS annual staff equalities report.
=246  3\$aHM Prison and Probation Service annual staff equalities report
=264  \1$a[London] :$bMinistry of Justice and Her Majesty's Prison and Probation Service,$c21 December 2018-
=264  31$32022-$a[London]$bMinistry of Justice and HM Prison and Probation Service
=300  \\$a1 archived website
=336  \\$atext$2rdacontent
=337  \\$acomputer$2rdamedia
=338  \\$aonline resource$2rdacarrier
=500  \\$aGOV.UK webpage first archived on December 21, 2018; ongoing.
=500  \\$aAt head of title: Collection.
=506  0\$aLegal Deposit;$cContains public sector information licensed under the Open Government Licence;$eThe Legal Deposit Libraries (Non-Print Works) Regulations (UK).$5Uk
=520  \\$aThe HMPPS annual Staff Equalities Report considers changing demographics and dynamics, as well as profiles and processes of HMPPS workforce in England and Wales from an equalities perspective. Each publication updates statistics on HMPPS staffing issues up to the end of March of the current year.
=540  \\$aCopying and sharing of this resource is governed by the terms of the Open Government Licence and UK copyright law currently in force.$5Uk
=588  \\$aDescription based on GOV.UK webpage updated November 24, 2022 (archived March 30, 2023).
=650  \7$aPrisons$xOfficials and employees.$2fast$0(OCoLC)fst01077378
=650  \7$aCorrectional personnel.$2fast$0(OCoLC)fst00880226
=651  \7$aGreat Britain.$2fast$0(OCoLC)fst01204623
=655  \7$aStatistics.$2fast$0(OCoLC)fst01423727
=655  \7$aWeb archives.$2fast$0(OCoLC)fst02008857
=690  7\$aOpen Government Licence Collection$2blcoll
=710  1\$aGreat Britain.$bHer Majesty's Prison and Probation Service,$ecreator.
=710  1\$aGreat Britain.$bHis Majesty's Prison and Probation Service,$ecreator.
=710  2\$aBritish Library,$ecollector.
=710  2\$aUK Web Archive,$ecollector.
=774  08$iTo 2019/2020 content also issued in PDF:$aGreat Britain. Her Majesty's Prison and Probation Service.$tHer Majesty's Prison and Probation Service annual staff equalities report
=856  40$uhttps://www.webarchive.org.uk/wayback/en/archive/*/https://www.gov.uk/government/collections/hmpps-annual-staff-equalities-report$yUK Web Archive
=859  \\$aXLD$bUK Web Archive
=985  \\$a710 1/1 = NOT NAL
=CAT  \\$a3391$b40$c20230508$lBLL01$h1937
=CAT  \\$a3391$b40$c20230508$lBLL01$h1956
=LKR  \\$aPAR$b019705501$lBLL01$r774$mHMPPS annual staff equalities report$nHer Majesty's Prison and Probation Service annual staff equalities report
=LAS  \\$a3391$b40$c20230508$lBLL01$h1956

