=LDR  03247nai a2200541 i 4500
=001  021051051
=003  Uk
=005  20230512180900.0
=006  m\\\\\|\\d\|\\\\\\
=007  cr\|||||||||||
=008  090428c20109999enk||\w\o\\\\f0\\\a2eng\\
=FMT  \\$a  SE
=040  \\$aUk$beng$cUk$erda
=042  \\$aukblsr
=082  04$a363.179960942$223
=110  1\$aGreat Britain.$bEnvironment Agency,$ecreator.
=245  10$aGeological disposal :$bscrutiny of Nuclear Waste Services' work - annual reports
=246  1\$aGeological disposal :$bscrutiny of RWM's work - annual reports,$f2010-2021
=264  \1$a[Rotherham] :$bEnvironment Agency,$c1 April 2010-
=264  31$32021-$a[Rotherham] :$bEnvironment Agency and Office for Nuclear Regulation.
=300  \\$a1 archived website
=336  \\$atext$2rdacontent
=337  \\$acomputer$2rdamedia
=338  \\$aonline resource$2rdacarrier
=500  \\$aGOV.UK webpage first archived on September 12, 2018; ongoing.
=500  \\$aAt head of title: Corporate report.
=506  0\$aLegal Deposit;$cContains public sector information licensed under the Open Government Licence;$eThe Legal Deposit Libraries (Non-Print Works) Regulations (UK).$5Uk
=520  \\$aThrough their joint scrutiny work, the Environment Agency and the Office for Nuclear Regulation (ONR) provide regulatory advice to Nuclear Waste Services (formerly Radioactive Waste Management Limited) about implementing geological disposal. These annual reports explain what the regulators examined through their scrutiny work and the main comments provided to Nuclear Waste Services. They also highlight areas where Nuclear Waste Services needs to improve.
=540  \\$aCopying and sharing of this resource is governed by the terms of the Open Government Licence and UK copyright law currently in force.$5Uk
=588  \\$aDescription based on GOV.UK webpage published December 15 2022 (archived January 4, 2023)
=610  27$aRadioactive Waste Management Limited.$2fast
=610  27$aNuclear Waste Services.$2fast
=650  \7$aRadioactive waste disposal in the ground$xManagement.$2fast$0(OCoLC)fst01087900
=650  \7$aRadioactive waste disposal$xManagement.$2fast$0(OCoLC)fst01087844
=651  \7$aEngland.$2fast$0(OCoLC)fst01219920
=651  \7$aWales.$2fast$0(OCoLC)fst01207649
=655  \7$aWeb archives.$2fast$0(OCoLC)fst02008857
=690  7\$aOpen Government Licence Collection$2blcoll
=710  1\$aGreat Britain.$bOffice for Nuclear Regulation,$ecreator.
=710  2\$aBritish Library,$ecollector.
=710  2\$aUK Web Archive,$ecollector.
=774  08$iTo 2018/2019 report also issued in PDF:$tRegulatory scrutiny and engagement for geological disposal
=856  40$uhttps://www.webarchive.org.uk/wayback/en/archive/*/https://www.gov.uk/government/publications/geological-disposal-scrutiny-of-rwms-work-annual-reports$yUK Web Archive
=859  \\$aXLD$bUK Web Archive
=985  \\$a610 and 610/1 = NOT NAL
=CAT  \\$a3391$b40$c20230512$lBLL01$h1809
=LKR  \\$aPAR$b019667954$lBLL01$r774$mGeological disposal : scrutiny of Nuclear Waste Services' work - annual reports$nRegulatory scrutiny and engagement for geological disposal : annual report.
=LAS  \\$a3391$b40$c20230512$lBLL01$h1809

