=LDR  02945nai a2200517 i 4500
=001  021051052
=003  Uk
=005  20230516214828.0
=006  m\\\\\|\\d\|\\\\\\
=007  cr\|||||||||||
=008  090428c20199999enk||\w\o\\\\f0\\\a2eng\\
=FMT  \\$a  SE
=040  \\$aUk$beng$cUk$erda
=042  \\$aukblsr
=082  04$a336.20941$223
=110  1\$aGreat Britain.$bHM Revenue & Customs,$ecreator.
=245  10$aIncome tax, NICs, tax credits and child benefit statistics for non-UK nationals.
=246  3\$aIncome tax, National Insurance contributions, tax credits and child benefit statistics for non-UK nationals
=264  \1$a[London] :$bHM Revenue & Customs,$c22 August 2019-
=300  \\$a1 archived website
=336  \\$atext$2rdacontent
=337  \\$acomputer$2rdamedia
=338  \\$aonline resource$2rdacarrier
=500  \\$aGOV.UK webpage first archived on August 22, 2019; ongoing.
=500  \\$aAt head of title: Collection.
=506  0\$aLegal Deposit;$cContains public sector information licensed under the Open Government Licence;$eThe Legal Deposit Libraries (Non-Print Works) Regulations (UK).$5Uk
=520  \\$aThese statistical releases provides various estimates of Income Tax, National Insurance contributions (NICs), tax credits and Child Benefit paid by and to European Economic Area (EEA) nationals and non-EEA nationals.
=540  \\$aCopying and sharing of this resource is governed by the terms of the Open Government Licence and UK copyright law currently in force.$5Uk
=588  \\$aDescription based on GOV.UK webpage published January 26, 2022 (archived September 1, 2022)
=650  \7$aIncome tax$xStatistics.$2fast$0(OCoLC)fst00968774
=650  \7$aSocial security taxes.$2fast$0(OCoLC)fst01123182
=650  \7$aTax credits.$2fast$0(OCoLC)fst01143735
=650  \7$aNoncitizens$xTaxation.$2fast$0(OCoLC)fst00805316
=651  \7$aGreat Britain.$2fast$0(OCoLC)fst01204623
=655  \7$aWeb archives.$2fast$0(OCoLC)fst02008857
=690  7\$aOpen Government Licence Collection$2blcoll
=710  2\$aBritish Library,$ecollector.
=710  2\$aUK Web Archive,$ecollector.
=774  08$i2016/2017 report also issued in PDF:$tIncome tax, National Insurance contributions, tax credits and child benefit statistics for non-UK nationals
=856  40$uhttps://www.webarchive.org.uk/wayback/en/archive/*/https://www.gov.uk/government/collections/income-tax-nics-tax-credits-and-child-benefit-statistics-for-non-uk-nationals$yUK Web Archive
=859  \\$aXLD$bUK Web Archive
=CAT  \\$a3391$b40$c20230512$lBLL01$h1906
=CAT  \\$a3391$b40$c20230516$lBLL01$h2146
=CAT  \\$a3391$b40$c20230516$lBLL01$h2148
=LKR  \\$aPAR$b019820925$lBLL01$r774$mIncome Tax, NICs, tax credits and Child Benefit statistics for non-UK nationals.$nIncome tax, National Insurance contributions, tax credits and child benefit statistics for non-UK nationals.
=LAS  \\$a3391$b40$c20230516$lBLL01$h2148

