=LDR  03754nai a2200553 i 4500
=001  021051782
=003  Uk
=005  20230515151841.0
=006  m\\\\\|\\d\|\\\\\\
=007  cr\|||||||||||
=008  090428c20239999enk||\w\o\\\\f0\\\a2eng\\
=FMT  \\$a  SE
=040  \\$aUk$beng$cUk$erda
=042  \\$aukblsr
=082  04$a363.738498630941$223
=110  1\$aGreat Britain.$bDepartment for Environment, Food & Rural Affairs,$ecreator.
=245  10$aSoil nutrient balances.
=264  \1$a[London] :$bDepartment for Environment, Food & Rural Affairs,$c8 March 2023-
=300  \\$a1 archived website
=336  \\$atext$2rdacontent
=337  \\$acomputer$2rdamedia
=338  \\$aonline resource$2rdacarrier
=500  \\$aGOV.UK webpage first archived on March 8, 2023; ongoing.
=500  \\$aAt head of title: Collection.
=505  0\$aSoil nutrient balances UK statistics notice - Soil nutrient balances England statistics notice - Soil nutrient balances England regions.
=506  0\$aLegal Deposit;$cContains public sector information licensed under the Open Government Licence;$eThe Legal Deposit Libraries (Non-Print Works) Regulations (UK).$5Uk
=520  \\$aSoil nutrient balances provide a method for estimating the annual nutrient loadings of nitrogen and phosphorus to agricultural soils. They give an indication of the potential risk associated with losses of nutrients to the environment; losses which can impact on air and water quality and on climate change. The nutrient balances are used as a high-level indicator of farming's pressure on the environment and of how that pressure is changing over time. The balances do not estimate the actual losses of nutrients to the environment, but significant nutrient surpluses are directly linked with losses to the environment. Nutrient balances are of direct relevance to policies relating to agriculture and the environment including climate change, air quality, water quality, and habitats and biodiversity.
=540  \\$aCopying and sharing of this resource is governed by the terms of the Open Government Licence and UK copyright law currently in force.$5Uk
=588  \\$aDescription based on GOV.UK webpage published March 8, 2023 (archived March 8, 2023).
=650  \7$aAgricultural pollution.$2fast$0(OCoLC)fst00801180
=650  \7$aAgricultural chemicals$xEnvironmental aspects.$2fast$0(OCoLC)fst00800526
=650  \7$aSoil fertility.$2fast$0(OCoLC)fst01124406
=651  \7$aGreat Britain.$2fast$0(OCoLC)fst01204623
=655  \7$aStatistics.$2fast$0(OCoLC)fst01132103
=655  \7$aWeb archives.$2fast$0(OCoLC)fst02008857
=690  7\$aOpen Government Licence Collection$2blcoll
=710  2\$aBritish Library,$ecollector.
=710  2\$aUK Web Archive,$ecollector.
=774  08$iTo 2019 content also issued in PDF:$tSoil nutrient balances. UK provisional estimates
=774  08$aTo 2019 content also issued in PDF:$tSoil nutrient balances. England provisional estimates
=774  08$iTo 2019 content also issued in PDF:$tSoil nutrient balances. Regional estimates for England
=856  40$uhttps://www.webarchive.org.uk/wayback/en/archive/*/https://www.gov.uk/government/collections/soil-nutrient-balances$yUK Web Archive
=859  \\$aXLD$bUK Web Archive
=CAT  \\$a3391$b40$c20230513$lBLL01$h2300
=CAT  \\$a3072$b40$c20230515$lBLL01$h1518
=LKR  \\$aPAR$b018085099$lBLL01$r774$mSoil nutrient balances$nSoil nutrient balances. UK provisional estimates
=LKR  \\$aPAR$b018607697$lBLL01$r774$mSoil nutrient balances$nSoil nutrient balances. England provisional estimates
=LKR  \\$aPAR$lBLL01$b020251150$r774$mSoil nutrient balances$nSoil nutrient balances. Regional estimates for England
=LAS  \\$a3072$b40$c20230515$lBLL01$h1518

