=LDR  02855cai a2200541 i 4500
=001  021056977
=003  Uk
=005  20230828182022.0
=006  m\\\\\|\\d\|\\\\\\
=007  cr\|||||||||||
=008  090428c20139999enk||\w\o\\\\f0\\\a2eng\\
=FMT  \\$a  SE
=040  \\$aUk$beng$cUk$erda
=042  \\$aukblsr
=082  04$a336.22094202$223
=110  1\$aGreat Britain.$bDepartment for Levelling Up, Housing & Communities,$ecreator.
=245  10$aCouncil Taxbase statistics.
=264  \1$a[London] :$bDepartment for Communities and Local Government,$c1 March 2013-
=264  21$32018-2020$a[London] :$bMinistry of Housing, Communities and Local Government
=264  31$32021-$a[London] :$bDepartment for Levelling Up, Housing and Communities and Ministry of Housing, Communities & Local Government
=300  \\$a1 archived website
=336  \\$atext$2rdacontent
=337  \\$acomputer$2rdamedia
=338  \\$aonline resource$2rdacarrier
=500  \\$aGOV.UK webpage first archived on November 9, 2013; ongoing.
=500  \\$aAt head of title: Collection.
=506  0\$aLegal Deposit;$cContains public sector information licensed under the Open Government Licence;$eThe Legal Deposit Libraries (Non-Print Works) Regulations (UK).$5Uk
=520  \\$aSummary totals at an England level of the number of dwellings, the number of dwellings that are exempt from Council Tax, and the number liable for Council Tax.
=540  \\$aCopying and sharing of this resource is governed by the terms of the Open Government Licence and UK copyright law currently in force.$5Uk
=588  \\$aDescription based on GOV.UK webpage published November 9, 2022 (archived November 16, 2022).
=650  \7$aReal property tax.$2fast$0(OCoLC)fst01091188
=651  \7$aEngland.$2fast$0(OCoLC)fst01219920
=655  \7$aStatistics.$2fast$0(OCoLC)fst01423727
=655  \7$aWeb archives.$2fast$0(OCoLC)fst02008857
=690  7\$aOpen Government Licence Collection$2blcoll
=710  1\$aGreat Britain.$bMinistry of Housing, Communities and Local Government,$ecreator.
=710  1\$aGreat Britain.$bDepartment for Communities and Local Government,$ecreator.
=710  2\$aBritish Library,$ecollector.
=710  2\$aUK Web Archive,$ecollector.
=774  08$iTo 2021 report content also issued in PDF:$tLocal authority council taxbase ... England
=856  40$uhttps://www.webarchive.org.uk/wayback/en/archive/*/https://www.gov.uk/government/collections/council-taxbase-statistics$yUK Web Archive
=859  \\$aXLD$bUK Web Archive
=CAT  \\$a3391$b40$c20230519$lBLL01$h1815
=CAT  \\$a3391$b40$c20230828$lBLL01$h1818
=CAT  \\$a3391$b40$c20230828$lBLL01$h1820
=FIN  \\$aY$d20230828
=LKR  \\$aPAR$b015650652$lBLL01$r774$mCouncil Taxbase statistics.$nLocal authority council taxbase ... England
=LAS  \\$a3391$b40$c20230828$lBLL01$h1820

