=LDR  02480cai a2200493 i 4500
=001  021056978
=003  Uk
=005  20230529133958.0
=006  m\\\\\|\\d\|\\\\\\
=007  cr\|||||||||||
=008  090428c20149999enk||\w\o\\\\f0\\\a2eng\\
=FMT  \\$a  SE
=040  \\$aUk$beng$cUk$erda
=042  \\$aukblsr
=082  04$a379.158$223
=110  1\$aGreat Britain.$bOffice for Standards in Education, Children's Services and Skills (England)$ecreator.
=245  10$aNon-association independent schools statistics.
=247  10$aIndependent schools inspections and outcomes$f2015-2018
=264  \1$a[London] :$bOfsted,$c11 December 2014-
=300  \\$a1 archived website
=336  \\$atext$2rdacontent
=337  \\$acomputer$2rdamedia
=338  \\$aonline resource$2rdacarrier
=500  \\$aGOV.UK webpage first archived on January 30, 2015; ongoing.
=500  \\$aAt head of title: Collection.
=506  0\$aLegal Deposit;$cContains public sector information licensed under the Open Government Licence;$eThe Legal Deposit Libraries (Non-Print Works) Regulations (UK).$5Uk
=520  \\$aOfsted statistics on the inspections and outcomes of non-association independent schools in England.
=540  \\$aCopying and sharing of this resource is governed by the terms of the Open Government Licence and UK copyright law currently in force.$5Uk
=588  \\$aDescription based on GOV.UK webpage published November 30,2022 (archived March 30, 2023)
=650  \7$aPrivate schools$xEvaluation.$2fast$0(OCoLC)fst01077578
=651  \7$aEngland.$2fast$0(OCoLC)fst01219920
=655  \7$aStatistics.$2fast$0(OCoLC)fst01423727
=655  \7$aWeb archives.$2fast$0(OCoLC)fst02008857
=690  7\$aOpen Government Licence Collection$2blcoll
=710  2\$aBritish Library,$ecollector.
=710  2\$aUK Web Archive,$ecollector.
=774  08$iTo 2018 reports also issued in PDF:$tNon-association independent schools inspection outcomes
=856  40$uhttps://www.webarchive.org.uk/wayback/en/archive/*/https://www.gov.uk/government/collections/independent-schools-inspections-and-outcomes$yUK Web Archive
=859  \\$aXLD$bUK Web Archive
=CAT  \\$a3391$b40$c20230519$lBLL01$h1923
=CAT  \\$a3391$b40$c20230519$lBLL01$h1950
=CAT  \\$a3391$b40$c20230529$lBLL01$h1339
=LKR  \\$aPAR$b018617895$lBLL01$r774$mNon-association independent schools statistics.$nNon-association independent schools inspection outcomes /
=LAS  \\$a3391$b40$c20230529$lBLL01$h1339

