=LDR  02253nai a2200457 i 4500
=001  021057297
=003  Uk
=005  20230520115224.0
=006  m\\\\\|\\d\|\\\\\\
=007  cr\|||||||||||
=008  090428c20139999enk||\w\o\\\\f0\\\a2eng\\
=FMT  \\$a  SE
=040  \\$aUk$beng$cUk$erda
=042  \\$aukblsr
=082  04$a304.640942021$223
=110  1\$aGreat Britain.$bMinistry of Justice,$ecreator.
=245  10$aCoroners and burials statistics.
=264  \1$a[London] :$bMinistry of Justice,$c25 July 2013-
=300  \\$a1 archived website
=336  \\$atext$2rdacontent
=337  \\$acomputer$2rdamedia
=338  \\$aonline resource$2rdacarrier
=500  \\$aGOV.UK webpage first archived on November 9, 2013; ongoing.
=500  \\$aAt head of title: Collection.
=506  0\$aLegal Deposit;$cContains public sector information licensed under the Open Government Licence;$eThe Legal Deposit Libraries (Non-Print Works) Regulations (UK).$5Uk
=520  \\$aAnnual National Statistics on deaths reported to coroners, including inquests and post-mortems held, inquest conclusions recorded and finds reported to coroners under treasure legislation.
=540  \\$aCopying and sharing of this resource is governed by the terms of the Open Government Licence and UK copyright law currently in force.$5Uk
=588  \\$aDescription based on GOV.UK webpage published May 11, 2023 (archived May 19, 2023).
=650  \7$aMortality$xStatistics.$2fast$0(OCoLC)fst01026529
=651  \7$aEngland.$2fast$0(OCoLC)fst01219920
=651  \7$aWales.$2fast$0(OCoLC)fst01207649
=655  \7$aWeb archives.$2fast$0(OCoLC)fst02008857
=690  7\$aOpen Government Licence Collection$2blcoll
=710  2\$aBritish Library,$ecollector.
=710  2\$aUK Web Archive,$ecollector.
=774  08$iTo 2019 report content also issued in PDF:$tCoroners statistics
=856  40$uhttps://www.webarchive.org.uk/wayback/en/archive/*/https://www.gov.uk/government/collections/coroners-and-burials-statistics$yUK Web Archive
=859  \\$aXLD$bUK Web Archive
=CAT  \\$a3391$b40$c20230520$lBLL01$h1152
=LKR  \\$aPAR$b015853121$lBLL01$r774$mCoroners and burials statistics.$nCoroners statistics England and Wales.
=LAS  \\$a3391$b40$c20230520$lBLL01$h1152

