=LDR  02837nai a2200493 i 4500
=001  021057298
=003  Uk
=005  20230520124024.0
=006  m\\\\\|\\d\|\\\\\\
=007  cr\|||||||||||
=008  090428c20199999enk||\w\o\\\\f0\\\a2eng\\
=FMT  \\$a  SE
=040  \\$aUk$beng$cUk$erda
=042  \\$aukblsr
=082  04$a362.730942$223
=110  1\$aGreat Britain.$bOffice for Standards in Education, Children's Services and Skills (England)$ecreator.
=245  10$aSocial care questionnaires :$bwhat children and young people told Ofsted.
=264  \1$a[London] :$bOfsted,$c27 February 2019-
=300  \\$a1 archived website
=336  \\$atext$2rdacontent
=337  \\$acomputer$2rdamedia
=338  \\$aonline resource$2rdacarrier
=500  \\$aGOV.UK webpage first archived on February 27, 2029; ongoing.
=500  \\$aAt head of title: Collection.
=506  0\$aLegal Deposit;$cContains public sector information licensed under the Open Government Licence;$eThe Legal Deposit Libraries (Non-Print Works) Regulations (UK).$5Uk
=520  \\$aResults of an annual survey carried out by Ofsted with children and young people to gather their views about social care services. Ofsted uses online questionnaires to capture views about social care settings, including children's homes, adoption and fostering services, residential family centres, boarding schools, residential special schools and further education colleges.
=540  \\$aCopying and sharing of this resource is governed by the terms of the Open Government Licence and UK copyright law currently in force.$5Uk
=588  \\$aDescription based on GOV.UK webpage published December 22, 2022 (archived May 19, 2023).
=650  \7$aChildren$xInstitutional care$xEvaluation.$2fast$0(OCoLC)fst00855004
=650  \7$aYouth$xInstitutional care.$2fast$0(OCoLC)fst01183456
=650  \7$aFoster children$xCare.$2fast$0(OCoLC)fst00933180
=651  \7$aEngland.$2fast$0(OCoLC)fst01219920
=655  \7$aStatistics.$2fast$0(OCoLC)fst01423727
=655  \7$aWeb archives.$2fast$0(OCoLC)fst02008857
=690  7\$aOpen Government Licence Collection$2blcoll
=710  2\$aBritish Library,$ecollector.
=710  2\$aUK Web Archive,$ecollector.
=774  08$iTo 2020 report content also published in PDF:$tChildren's social care questionnaires
=856  40$uhttps://www.webarchive.org.uk/wayback/en/archive/*/https://www.gov.uk/government/collections/social-care-questionnaires-what-children-and-young-people-told-ofsted$yUK Web Archive
=859  \\$aXLD$bUK Web Archive
=CAT  \\$a3391$b40$c20230520$lBLL01$h1238
=CAT  \\$a3391$b40$c20230520$lBLL01$h1240
=LKR  \\$aPAR$b019674581$lBLL01$r774$mSocial care questionnaires : what children and young people told Ofsted$nChildren's social care questionnaires.
=LAS  \\$a3391$b40$c20230520$lBLL01$h1240

