=LDR  02772nai a2200517 i 4500
=001  021057299
=003  Uk
=005  20230523113550.0
=006  m\\\\\|\\d\|\\\\\\
=007  cr\|||||||||||
=008  090428c20139999enk||\w\o\\\\f0\\\a2eng\\
=FMT  \\$a  SE
=040  \\$aUk$beng$cUk$erda
=042  \\$aukblsr
=082  04$a362.63$223
=110  1\$aGreat Britain.$bDepartment for Work and Pensions,$ecreator.
=245  10$aWinter Fuel Payment statistics.
=247  10$aWinter Fuel Payment :$bcaseload and household figures$f2013
=264  \1$a[London] :$bDepartment for Work and Pensions,$c1 October 2013-
=300  \\$a1 archived website
=336  \\$atext$2rdacontent
=337  \\$acomputer$2rdamedia
=338  \\$aonline resource$2rdacarrier
=500  \\$aGOV.UK webpage first archived on November 9, 2013; ongoing.
=500  \\$aAt head of title: Collection.
=506  0\$aLegal Deposit;$cContains public sector information licensed under the Open Government Licence;$eThe Legal Deposit Libraries (Non-Print Works) Regulations (UK).$5Uk
=520  \\$aWinter Fuel Payment statistics, covering recipient and household data as well as payments in European Economic Area (EEA) countries and Switzerland. Winter Fuel Payments were introduced in 1997 to help older people meet the costs of heating their homes in winter. They are paid in a lump sum each winter.
=540  \\$aCopying and sharing of this resource is governed by the terms of the Open Government Licence and UK copyright law currently in force.$5Uk
=588  \\$aDescription based on GOV.UK webpage published November 2, 2022 (archived May 19, 2023).
=650  \7$aOlder people$xEnergy assistance.$2fast$0(OCoLC)fst01199107
=651  \7$aGreat Britain.$2fast$0(OCoLC)fst01204623
=651  \7$aEurope.$2fast$0(OCoLC)fst01245064
=655  \7$aStatistics.$2fast$0(OCoLC)fst01423727
=655  \7$aWeb archives.$2fast$0(OCoLC)fst02008857
=690  7\$aOpen Government Licence Collection$2blcoll
=710  2\$aBritish Library,$ecollector.
=710  2\$aUK Web Archive,$ecollector.
=740  02$aWinter Fuel Payments and expenditure by EEA country and Switzerland.
=774  08$iTo Winter 2018/19 content also published in PDF:$tWinter fuel payment
=856  40$uhttps://www.webarchive.org.uk/wayback/en/archive/*/https://www.gov.uk/government/collections/winter-fuel-payments-caseload-and-household-figures$yUK Web Archive
=859  \\$aXLD$bUK Web Archive
=CAT  \\$a3391$b40$c20230520$lBLL01$h1330
=CAT  \\$a3391$b40$c20230523$lBLL01$h1134
=CAT  \\$a3391$b40$c20230523$lBLL01$h1135
=LKR  \\$aPAR$b017793024$lBLL01$r774$mWinter Fuel Payment statistics.$nWinter fuel payment : Great Britain official statistics at ... /
=LAS  \\$a3391$b40$c20230523$lBLL01$h1135

