=LDR  02772nai a2200481 i 4500
=001  021058936
=003  Uk
=005  20230520194119.0
=006  m\\\\\|\\d\|\\\\\\
=007  cr\|||||||||||
=008  090428c20139999enk||\w\o\\\\f0\\\a2eng\\
=FMT  \\$a  SE
=040  \\$aUk$beng$cUk$erda
=042  \\$aukblsr
=082  04$a796.51$223
=110  1\$aGreat Britain.$bDepartment for Transport,$ecreator.
=245  10$aWalking and cycling statistics.
=264  \1$a[London] :$bDepartment for Transport,$c16 April 2013-
=300  \\$a1 archived website
=336  \\$atext$2rdacontent
=337  \\$acomputer$2rdamedia
=338  \\$aonline resource$2rdacarrier
=500  \\$aGOV.UK webpage first archived on November 9, 2013; ongoing.
=500  \\$aAt head of title: Collection.
=506  0\$aLegal Deposit;$cContains public sector information licensed under the Open Government Licence;$eThe Legal Deposit Libraries (Non-Print Works) Regulations (UK).$5Uk
=520  \\$aWalking and cycling statistics presents data using two main sources, the National Travel Survey (NTS) and the Active Lives Survey (ALS). The NTS is a household survey of personal travel by residents of England travelling within Great Britain, from data collected via interviews and a one week travel diary. The ALS is a household survey by residents of England, from data collected via a push-to-web survey. From 2023 the collection includes the Cycling index, England,which shows changes in cycling levels. These new statistics are a rolling annual index and replace the daily domestic transport series.
=540  \\$aCopying and sharing of this resource is governed by the terms of the Open Government Licence and UK copyright law currently in force.$5Uk
=588  \\$aDescription based on GOV.UK webpage published April 27, 2023 (archived May 19, 2023).
=650  \7$aWalking.$2fast$0(OCoLC)fst01170049
=650  \7$aCycling.$2fast$0(OCoLC)fst00885857
=651  \7$aEngland.$2fast$0(OCoLC)fst01219920
=655  \7$aStatistics.$2fast$0(OCoLC)fst01423727
=655  \7$aWeb archives.$2fast$0(OCoLC)fst02008857
=690  7\$aOpen Government Licence Collection$2blcoll
=710  2\$aBritish Library,$ecollector.
=710  2\$aUK Web Archive,$ecollector.
=740  02$aCycling index, England.
=774  08$iTo 2019 content also published in PDF:$tWalking and cycling statistics, England
=856  40$uhttps://www.webarchive.org.uk/wayback/en/archive/*/https://www.gov.uk/government/collections/walking-and-cycling-statistics$yUK Web Archive
=859  \\$aXLD$bUK Web Archive
=CAT  \\$a3391$b40$c20230520$lBLL01$h1941
=LKR  \\$aPAR$b019693437$lBLL01$r774$mWalking and cycling statistics.$nWalking and cycling statistics, England.
=LAS  \\$a3391$b40$c20230520$lBLL01$h1941

