=LDR  03220nai a2200517 i 4500
=001  021058939
=003  Uk
=005  20230520204540.0
=006  m\\\\\|\\d\|\\\\\\
=007  cr\|||||||||||
=008  090428c20139999enk||\w\o\\\\f0\\\a2eng\\
=FMT  \\$a  SE
=040  \\$aUk$beng$cUk$erda
=042  \\$aukblsr
=082  04$a363.12520941021$223
=110  1\$aGreat Britain.$bDepartment for Transport,$ecreator.
=245  10$aRoad accidents and safety statistics.
=264  \1$a[London] :$bDepartment for Transport,$c26 September 2013-
=300  \\$a1 archived website
=336  \\$atext$2rdacontent
=337  \\$acomputer$2rdamedia
=338  \\$aonline resource$2rdacarrier
=500  \\$aGOV.UK webpage first archived on November 8, 2013; ongoing.
=500  \\$aAt head of title: Collection.
=506  0\$aLegal Deposit;$cContains public sector information licensed under the Open Government Licence;$eThe Legal Deposit Libraries (Non-Print Works) Regulations (UK).$5Uk
=520  \\$aAnnual road casualty statistics are published twice each year. Provisional results are published in May for the first release of key statistics, and final detailed statistics are released in September. In-year estimates, providing provisional figures for the first half of the year, are usually published in November. Estimates of drink-drive collisions and casualties are published separately, now annually in July.
=540  \\$aCopying and sharing of this resource is governed by the terms of the Open Government Licence and UK copyright law currently in force.$5Uk
=588  \\$aDescription based on GOV.UK webpage published November 24, 2022 (archived May 19, 2023).
=650  \7$aTraffic accidents$xStatistics.$2fast$0(OCoLC)fst01154035
=650  \7$aDrinking and traffic accidents.$2fast$0(OCoLC)fst00898168
=651  \7$aGreat Britain.$2fast$0(OCoLC)fst01204623
=655  \7$aWeb archives.$2fast$0(OCoLC)fst02008857
=690  7\$aOpen Government Licence Collection$2blcoll
=710  2\$aBritish Library,$ecollector.
=710  2\$aUK Web Archive,$ecollector.
=774  08$iTo 2018 annual report also published in PDF:$tReported road casualties Great Britain
=774  08$iTo June 2020 provisonal estimates also published in PDF:$tReported road casualties in Great Britain. Provisional estimates
=774  08$iTo August 2020 estimates for accidents involving drink driving also published in PDF:$tReported road casualties in Great Britain. Estimates for accidents involving illegal alcohol levels
=856  40$uhttps://www.webarchive.org.uk/wayback/en/archive/*/https://www.gov.uk/government/collections/road-accidents-and-safety-statistics$yUK Web Archive
=859  \\$aXLD$bUK Web Archive
=CAT  \\$a3391$b40$c20230520$lBLL01$h2036
=CAT  \\$a3391$b40$c20230520$lBLL01$h2045
=LKR  \\$aPAR$b017657861$lBLL01$r774$mRoad accidents and safety statistics.$nReported road casualties Great Britain
=LKR  \\$aPAR$b016212391$lBLL01$r774$mRoad accidents and safety statistics.$nReported road casualties in Great Britain.
=LKR  \\$aPAR$b017980063$lBLL01$r774$mRoad accidents and safety statistics.$nReported road casualties in Great Britain.
=LAS  \\$a3391$b40$c20230520$lBLL01$h2045

