=LDR  03093nai a2200505 i 4500
=001  021058940
=003  Uk
=005  20230520213846.0
=006  m\\\\\|\\d\|\\\\\\
=007  cr\|||||||||||
=008  090428c20149999enk||\w\o\\\\f0\\\a2eng\\
=FMT  \\$a  SE
=040  \\$aUk$beng$cUk$erda
=042  \\$aukblsr
=082  04$a614.59$223
=110  2\$aUK Health Security Agency,$ecreator.
=245  10$aNorovirus :$bguidance, data and analysis.
=264  \1$a[London] :$bPublic Health England,$c10 July 2014-
=264  31$32022-$a[London] :$bUK Health Security Agency
=300  \\$a1 archived website
=336  \\$atext$2rdacontent
=337  \\$acomputer$2rdamedia
=338  \\$aonline resource$2rdacarrier
=500  \\$aGOV.UK webpage first archived on August 3, 2014; ongoing.
=500  \\$aAt head of title: Collection.
=505  0\$aEpidemiology and surveillance -- Diagnosis and management.
=506  0\$aLegal Deposit;$cContains public sector information licensed under the Open Government Licence;$eThe Legal Deposit Libraries (Non-Print Works) Regulations (UK).$5Uk
=520  \\$aThe symptoms, diagnosis, management and epidemiology of norovirus. Norovirus, also known as winter vomiting disease, causes gastroenteritis and is highly infectious. The virus is easily transmitted through contact with infected individuals from one person to another. Outbreaks are common in semi-enclosed environments such as hospitals, nursing homes, schools and cruise ships and can also occur in restaurants and hotels. The virus is usually mild and lasts for 1 to 2 days. Symptoms include vomiting, projectile vomiting, diarrhoea and fever. Most people make a full recovery within a couple of days but it can be dangerous for the very young and elderly people.
=540  \\$aCopying and sharing of this resource is governed by the terms of the Open Government Licence and UK copyright law currently in force.$5Uk
=588  \\$aDescription based on GOV.UK webpage published August 10, 2022 (archived August 11, 2022).
=650  \7$aNoroviruses.$2fast$0(OCoLC)fst02020047
=650  \7$aRotavirus infections.$2fast$0(OCoLC)fst01100631
=650  \7$aNosocomial infections.$2fast$0(OCoLC)fst01039524
=651  \7$aEngland.$2fast$0(OCoLC)fst01219920
=655  \7$aWeb archives.$2fast$0(OCoLC)fst02008857
=690  7\$aOpen Government Licence Collection$2blcoll
=710  2\$aPublic Health England,$ecreator.
=710  2\$aBritish Library,$ecollector.
=710  2\$aUK Web Archive,$ecollector.
=774  08$iTo July 3, 2022 content also issued in PDF:$tNational norovirus and rotavirus bulletin
=856  40$uhttps://www.webarchive.org.uk/wayback/en/archive/*/https://www.gov.uk/government/collections/norovirus-guidance-data-and-analysis$yUK Web Archive
=859  \\$aXLD$bUK Web Archive
=CAT  \\$a3391$b40$c20230520$lBLL01$h2138
=LKR  \\$aPAR$b020692403$lBLL01$r774$mNorovirus : guidance, data and analysis.$nNational norovirus and rotavirus bulletin : routine norovirus and rotavirus surveillance in England, ... season.
=LAS  \\$a3391$b40$c20230520$lBLL01$h2138

