=LDR  02872nai a2200469 i 4500
=001  021066618
=003  Uk
=005  20230527220609.0
=006  m\\\\\|\\d\|\\\\\\
=007  cr\|||||||||||
=008  090428c20239999enk||\w\o\\\\f0\\\a2eng\\
=FMT  \\$a  SE
=040  \\$aUk$beng$cUk$erda
=042  \\$aukblsr
=082  04$a338.1941$223
=110  1\$aGreat Britain.$bPrime Minister's Office,$ecreator.
=245  10$aOutcomes from the UK Farm to Fork summit.
=264  \1$a[London] :$bPrime Minister's Office, 10 Downing Street, Department for Environment, Food & Rural Affairs,$c16 May 2023-
=300  \\$a1 archived website
=336  \\$atext$2rdacontent
=337  \\$acomputer$2rdamedia
=338  \\$aonline resource$2rdacarrier
=500  \\$aGOV.UK webpage first archived on May 16, 2023; ongoing.
=500  \\$aAt head of title: Policy paper.
=506  0\$aLegal Deposit;$cContains public sector information licensed under the Open Government Licence;$eThe Legal Deposit Libraries (Non-Print Works) Regulations (UK).$5Uk
=520  \\$aThe Prime Minister and Secretary of State for Environment, Food and Rural Affairs met with representatives from across the whole UK food supply chain to discuss how government and industry can work together to support a thriving UK food industry. This note summarises the key themes that were discussed as well as the steps government is taking to support farmers to strengthen food security and grow the economy. The event built on progress made since the government's Food Strategy was published last year, in which we committed to broadly maintaining the current level of food we produce domestically while sustainably boosting production in sectors such as horticulture and seafood.
=540  \\$aCopying and sharing of this resource is governed by the terms of the Open Government Licence and UK copyright law currently in force.$5Uk
=588  \\$aDescription based on GOV.UK webpage published May 16, 2023 (archived May 23, 2023).
=650  \7$aFood supply$xGovernment policy.$2fast$0(OCoLC)fst00931206
=650  \7$aFood security.$2fast$0(OCoLC)fst01748879
=650  \7$aAgriculture and state.$2fast$0(OCoLC)fst00801722
=651  \7$aGreat Britain.$2fast$0(OCoLC)fst01204623
=655  \7$aWeb archives.$2fast$0(OCoLC)fst02008857
=690  7\$aOpen Government Licence Collection$2blcoll
=710  1\$aGreat Britain.$bDepartment for Environment, Food & Rural Affairs,$ecreator.
=710  2\$aBritish Library,$ecollector.
=710  2\$aUK Web Archive,$ecollector.
=856  40$uhttps://www.webarchive.org.uk/wayback/en/archive/*/https://www.gov.uk/government/publications/outcomes-from-the-uk-farm-to-fork-summit$yUK Web Archive
=859  \\$aXLD$bUK Web Archive
=CAT  \\$a3391$b40$c20230527$lBLL01$h2118
=CAT  \\$a3391$b40$c20230527$lBLL01$h2206
=LAS  \\$a3391$b40$c20230527$lBLL01$h2206

