=LDR  02478cai a2200481 i 4500
=001  021066619
=003  Uk
=005  20230614114231.0
=006  m\\\\\|\\d\|\\\\\\
=007  cr\|||||||||||
=008  090428c20179999enk||\w\o\\\\f0\\\a2eng\\
=FMT  \\$a  SE
=040  \\$aUk$beng$cUk$erda
=042  \\$aukblsr
=082  04$a338.10942021$223
=110  1\$aGreat Britain.$bDepartment for Environment, Food & Rural Affairs,$ecreator.
=245  10$aAgricultural facts : England regional profiles.
=264  \1$a[London] :$bDepartment for Environment, Food & Rural Affairs,$c17 January 2017-
=300  \\$a1 archived website
=336  \\$atext$2rdacontent
=337  \\$acomputer$2rdamedia
=338  \\$aonline resource$2rdacarrier
=500  \\$aGOV.UK webpage first archived on January 24, 2017; ongoing.
=500  \\$aAt head of title: Official statistics.
=506  0\$aLegal Deposit;$cContains public sector information licensed under the Open Government Licence;$eThe Legal Deposit Libraries (Non-Print Works) Regulations (UK).$5Uk
=520  \\$aA collection of factsheets providing an overview of agriculture in the English regions.
=540  \\$aCopying and sharing of this resource is governed by the terms of the Open Government Licence and UK copyright law currently in force.$5Uk
=588  \\$aDescription based on GOV.UK webpage published May 17, 2023 (archived May 21, 2023).
=650  \7$aAgricultural industries.$2fast$0(OCoLC)fst00800842
=650  \7$aAgriculture$xStatistics.$2fast$0(OCoLC)fst00801665
=650  \7$aFarm produce$xStatistics.$2fast$0(OCoLC)fst00921211
=651  \7$aEngland.$2fast$0(OCoLC)fst01219920
=655  \7$aWeb archives.$2fast$0(OCoLC)fst02008857
=690  7\$aOpen Government Licence Collection$2blcoll
=710  2\$aBritish Library,$ecollector.
=710  2\$aUK Web Archive,$ecollector.
=774  08$iTo March 2021 content also published in PDF:$tDefra statistics : agricultural facts : England regional profiles
=856  40$uhttps://www.webarchive.org.uk/wayback/en/archive/*/https://www.gov.uk/government/statistics/agricultural-facts-england-regional-profiles$yUK Web Archive
=859  \\$aXLD$bUK Web Archive
=CAT  \\$a3391$b40$c20230527$lBLL01$h2158
=CAT  \\$a11279$b40$c20230614$lBLL01$h1142
=LKR  \\$aPAR$b018549248$lBLL01$r774$mAgricultural facts : England regional profiles.$nDefra statistics : agricultural facts : England regional profiles /
=LAS  \\$a11279$b40$c20230614$lBLL01$h1142

