=LDR  02160cai a2200445 i 4500
=001  021066620
=003  Uk
=005  20230828182713.0
=006  m\\\\\|\\d\|\\\\\\
=007  cr\|||||||||||
=008  090428c20239999enk||\w\o\\\\f0\\\a2eng\\
=FMT  \\$a  SE
=040  \\$aUk$beng$cUk$erda
=042  \\$aukblsr
=082  04$a363.739260942$223
=110  1\$aGreat Britain.$bDepartment for Environment, Food & Rural Affairs,$ecreator.
=245  14$aThe air quality strategy for England.
=264  \1$a[London] :$bDepartment for Environment, Food & Rural Affairs,$c28 April 2023-
=300  \\$a1 archived website
=336  \\$atext$2rdacontent
=337  \\$acomputer$2rdamedia
=338  \\$aonline resource$2rdacarrier
=500  \\$aGOV.UK webpage first archived on April 28, 2023; ongoing.
=500  \\$aAt head of title: Policy paper.
=506  0\$aLegal Deposit;$cContains public sector information licensed under the Open Government Licence;$eThe Legal Deposit Libraries (Non-Print Works) Regulations (UK).$5Uk
=520  \\$aDefra's framework for local authorities to make best use of their powers and make air quality improvements for their communities.
=540  \\$aCopying and sharing of this resource is governed by the terms of the Open Government Licence and UK copyright law currently in force.$5Uk
=588  \\$aDescription based on GOV.UK webpage published April 28, 2023 (archived May 21, 2023).
=650  \7$aAir quality management.$2fast$0(OCoLC)fst00802537
=650  \7$aAir$xPollution$xPrevention$xGovernment policy.$2fast$0(OCoLC)fst00802151
=651  \7$aEngland.$2fast$0(OCoLC)fst01219920
=655  \7$aWeb archives.$2fast$0(OCoLC)fst02008857
=690  7\$aOpen Government Licence Collection$2blcoll
=710  2\$aBritish Library,$ecollector.
=710  2\$aUK Web Archive,$ecollector.
=856  40$uhttps://www.webarchive.org.uk/wayback/en/archive/*/https://www.gov.uk/government/publications/the-air-quality-strategy-for-england$yUK Web Archive
=859  \\$aXLD$bUK Web Archive
=CAT  \\$a3391$b40$c20230527$lBLL01$h2242
=CAT  \\$a3391$b40$c20230828$lBLL01$h1827
=LAS  \\$a3391$b40$c20230828$lBLL01$h1827

