=LDR  02201nai a2200445 i 4500
=001  021066621
=003  Uk
=005  20230527235012.0
=006  m\\\\\|\\d\|\\\\\\
=007  cr\|||||||||||
=008  090428c20229999enk||\w\o\\\\f0\\\a2eng\\
=FMT  \\$a  SE
=040  \\$aUk$beng$cUk$erda
=042  \\$aukblsr
=082  04$a333.916416$223
=110  1\$aGreat Britain.$bDepartment for Environment, Food & Rural Affairs,$ecreator.
=245  10$aHighly Protected Marine Areas.
=264  \1$a[London] :$bDepartment for Environment, Food & Rural Affairs,$c6 July 2022-
=300  \\$a1 archived website
=336  \\$atext$2rdacontent
=337  \\$acomputer$2rdamedia
=338  \\$aonline resource$2rdacarrier
=500  \\$aGOV.UK webpage first archived on July 6, 2022; ongoing.
=500  \\$aAt head of title: Policy paper.
=506  0\$aLegal Deposit;$cContains public sector information licensed under the Open Government Licence;$eThe Legal Deposit Libraries (Non-Print Works) Regulations (UK).$5Uk
=520  \\$aThe paper outlines the rationale for Highly Protected Marine Areas, gives an overview of the sites intended for designation and provides details of the selection process.
=540  \\$aCopying and sharing of this resource is governed by the terms of the Open Government Licence and UK copyright law currently in force.$5Uk
=588  \\$aDescription based on GOV.UK webpage published May 25, 2023 (archived May 26, 2023).
=650  \7$aMarine parks and reserves$xGovernment policy.$2fast$0(OCoLC)fst01009793
=650  \7$aMarine resources conservation$xGovernment policy.$2fast$0(OCoLC)fst01009912
=651  \7$aEngland.$2fast$0(OCoLC)fst01219920
=655  \7$aWeb archives.$2fast$0(OCoLC)fst02008857
=690  7\$aOpen Government Licence Collection$2blcoll
=710  2\$aBritish Library,$ecollector.
=710  2\$aUK Web Archive,$ecollector.
=856  40$uhttps://www.webarchive.org.uk/wayback/en/archive/*/https://www.gov.uk/government/publications/highly-protected-marine-areas$yUK Web Archive
=859  \\$aXLD$bUK Web Archive
=CAT  \\$a3391$b40$c20230527$lBLL01$h2334
=CAT  \\$a3391$b40$c20230527$lBLL01$h2350
=LAS  \\$a3391$b40$c20230527$lBLL01$h2350

