=LDR  02470cai a2200481 i 4500
=001  021066622
=003  Uk
=005  20230606111755.0
=006  m\\\\\|\\d\|\\\\\\
=007  cr\|||||||||||
=008  090428c20239999enk||\w\o\\\\f0\\\a2eng\\
=FMT  \\$a  SE
=040  \\$aUk$beng$cUk$erda
=042  \\$aukblsr
=082  04$a333.3350942$223
=110  1\$aGreat Britain.$bDepartment for Environment, Food & Rural Affairs,$ecreator.
=245  10$aRock Review on agricultural tenancies :$bgovernment response.
=264  \1$a[London] :$bDepartment for Environment, Food & Rural Affairs,$c24 May 2023-
=300  \\$a1 archived website
=336  \\$atext$2rdacontent
=337  \\$acomputer$2rdamedia
=338  \\$aonline resource$2rdacarrier
=500  \\$aGOV.UK webpage first archived on May 24, 2023; ongoing.
=500  \\$aAt head of title: Policy paper.
=506  0\$aLegal Deposit;$cContains public sector information licensed under the Open Government Licence;$eThe Legal Deposit Libraries (Non-Print Works) Regulations (UK).$5Uk
=520  \\$aThe government's response to the recommendations of Baroness Rock's independent review on tenant farming in England.
=540  \\$aCopying and sharing of this resource is governed by the terms of the Open Government Licence and UK copyright law currently in force.$5Uk
=588  \\$aDescription based on GOV.UK webpage published May 25, 2023 (archived May 26, 2023).
=650  \7$aFarm tenancy$xGovernment policy.$2fast$0(OCoLC)fst00921269
=650  \7$aAgriculture and state.$2fast$0(OCoLC)fst00801722
=651  \7$aEngland.$2fast$0(OCoLC)fst01219920
=655  \7$aWeb archives.$2fast$0(OCoLC)fst02008857
=690  7\$aOpen Government Licence Collection$2blcoll
=710  2\$aBritish Library,$ecollector.
=710  2\$aUK Web Archive,$ecollector.
=774  0\$aTenancy Working Group (Great Britain).$tRock Review
=856  40$uhttps://www.webarchive.org.uk/wayback/en/archive/*/https://www.gov.uk/government/publications/rock-review-on-agricultural-tenancies-government-response$yUK Web Archive
=859  \\$aXLD$bUK Web Archive
=CAT  \\$a3391$b40$c20230528$lBLL01$h0010
=CAT  \\$a3391$b40$c20230528$lBLL01$h0011
=CAT  \\$a11279$b40$c20230606$lBLL01$h1117
=LKR  \\$aPAR$b020811999$lBLL01$r774$mRock Review on agricultural tenancies : government response.$nThe Rock Review : working together for a thriving agricultural tenanted sector
=LAS  \\$a11279$b40$c20230606$lBLL01$h1117

