=LDR  02539nai a2200481 i 4500
=001  021067451
=003  Uk
=005  20230529151211.0
=006  m\\\\\|\\d\|\\\\\\
=007  cr\|||||||||||
=008  090428c20239999enk||\w\o\\\\f0\\\a2eng\\
=FMT  \\$a  SE
=040  \\$aUk$beng$cUk$erda
=042  \\$aukblsr
=082  04$a305.0942$223
=110  1\$aGreat Britain.$bOffice for Standards in Education, Children's Services and Skills (England)$ecreator.
=245  10$aOfsted's equality objectives 2023 to 2027.
=264  \1$a[London] :$bOfsted,$c11 January 2023-
=300  \\$a1 archived website
=336  \\$atext$2rdacontent
=337  \\$acomputer$2rdamedia
=338  \\$aonline resource$2rdacarrier
=500  \\$aGOV.UK webpage first archived on January 11, 2023; ongoing.
=500  \\$aAt head of title: Corporate report.
=506  0\$aLegal Deposit;$cContains public sector information licensed under the Open Government Licence;$eThe Legal Deposit Libraries (Non-Print Works) Regulations (UK).$5Uk
=520  \\$aEquality, diversity and inclusion objectives that Ofsted will focus on from 2023 to 2027. Ofsted's equality objectives cover how they consider equality when they inspect and regulate how they will ensure that their own staff, and those they contract with, have equality of opportunity.
=540  \\$aCopying and sharing of this resource is governed by the terms of the Open Government Licence and UK copyright law currently in force.$5Uk
=588  \\$aDescription based on GOV.UK webpage published January 11, 2023 (archived January 11, 2023).
=610  17$aGreat Britain.$bOffice for Standards in Education, Children's Services and Skills (England)$2fast$0(OCoLC)fst01913887
=650  \7$aEquality.$2fast$0(OCoLC)fst00914456
=650  \7$aEducational equalization.$2fast$0(OCoLC)fst00903418
=650  \7$aDiscrimination in employment.$2fast$0(OCoLC)fst00895050
=651  \7$aEngland.$2fast$0(OCoLC)fst01219920
=655  \7$aWeb archives.$2fast$0(OCoLC)fst02008857
=690  7\$aOpen Government Licence Collection$2blcoll
=710  2\$aBritish Library,$ecollector.
=710  2\$aUK Web Archive,$ecollector.
=856  40$uhttps://www.webarchive.org.uk/wayback/en/archive/*/https://www.gov.uk/government/publications/ofsteds-equality-objectives-2020-to-2022$yUK Web Archive
=859  \\$aXLD$bUK Web Archive
=CAT  \\$a3391$b40$c20230529$lBLL01$h1415
=CAT  \\$a3391$b40$c20230529$lBLL01$h1511
=CAT  \\$a3391$b40$c20230529$lBLL01$h1512
=LAS  \\$a3391$b40$c20230529$lBLL01$h1512

