=LDR  02843cai a2200541 i 4500
=001  021067453
=003  Uk
=005  20230920142718.0
=006  m\\\\\|\\d\|\\\\\\
=007  cr\|||||||||||
=008  090428c20169999enk||\w\o\\\\f0\\\a2eng\\
=FMT  \\$a  SE
=040  \\$aUk$beng$cUk$erda
=042  \\$aukblsr
=082  04$a305.0942$223
=110  1\$aGreat Britain.$bOffice for Standards in Education, Children's Services and Skills (England)$ecreator.
=245  10$aOfsted's equality objectives 2016 to 2020.
=264  \1$a[London] :$bOfsted,$c28 April 2016-
=300  \\$a1 archived website
=336  \\$atext$2rdacontent
=337  \\$acomputer$2rdamedia
=338  \\$aonline resource$2rdacarrier
=500  \\$aGOV.UK webpage first archived on May 2, 2016; ongoing.
=500  \\$aAt head of title: Corporate report.
=505  0\$aOfsted's equality objectives -- Equality objectives progress review -- Underlying data for figures 2019 to 2020.
=506  0\$aLegal Deposit;$cContains public sector information licensed under the Open Government Licence;$eThe Legal Deposit Libraries (Non-Print Works) Regulations (UK).$5Uk
=520  \\$aEquality, diversity and inclusion objectives that Ofsted focused on from 2016 to 2020 and reports on progress for the period. These objectives were replaced in 2020.
=540  \\$aCopying and sharing of this resource is governed by the terms of the Open Government Licence and UK copyright law currently in force.$5Uk
=588  \\$aDescription based on GOV.UK webpage published December 17, 2020 (archived August 9, 2022).
=610  17$aGreat Britain.$bOffice for Standards in Education, Children's Services and Skills (England)$2fast$0(OCoLC)fst01913887
=650  \7$aEquality.$2fast$0(OCoLC)fst00914456
=650  \7$aEducational equalization.$2fast$0(OCoLC)fst00903418
=650  \7$aDiscrimination in employment.$2fast$0(OCoLC)fst00895050
=651  \7$aEngland.$2fast$0(OCoLC)fst01219920
=655  \7$aWeb archives.$2fast$0(OCoLC)fst02008857
=690  7\$aOpen Government Licence Collection$2blcoll
=710  2\$aBritish Library,$ecollector.
=710  2\$aUK Web Archive,$ecollector.
=774  08$iTo 2015/2016 content also issued in PDF:$tEquality in Ofsted
=856  40$uhttps://www.webarchive.org.uk/wayback/en/archive/*/https://www.gov.uk/government/publications/ofsteds-equality-objectives-2016-to-2020$yUK Web Archive
=859  \\$aXLD$bUK Web Archive
=CAT  \\$a3391$b40$c20230529$lBLL01$h1539
=CAT  \\$a3391$b40$c20230529$lBLL01$h1554
=CAT  \\$a3072$b40$c20230713$lBLL01$h1709
=CAT  \\$a11279$b40$c20230920$lBLL01$h1427
=FIN  \\$aY$d20230920
=LKR  \\$aPAR$b015845466$lBLL01$r774$mOfsted's equality objectives 2016 to 2020.$nEquality in Ofsted employment report April ... to March ...
=LAS  \\$a11279$b40$c20230920$lBLL01$h1427

