=LDR  02581nai a2200481 i 4500
=001  021076749
=003  Uk
=005  20230602194901.0
=006  m\\\\\|\\d\|\\\\\\
=007  cr\|||||||||||
=008  090428c20179999enk||\w\o\\\\f0\\\a2eng\\
=FMT  \\$a  SE
=040  \\$aUk$beng$cUk$erda
=042  \\$aukblsr
=082  04$a363.325170942$223
=110  1\$aGreat Britain.$bHome Office,$ecreator.
=245  10$aIndividuals referred to and supported through the Prevent Programme statistics.
=264  \1$a[London] :$bHome Office,$c9 November 2017-
=300  \\$a1 archived website
=336  \\$atext$2rdacontent
=337  \\$acomputer$2rdamedia
=338  \\$aonline resource$2rdacarrier
=500  \\$aGOV.UK webpage first archived on November 9, 2017; ongoing.
=500  \\$aAt head of title: Collection.
=506  0\$aLegal Deposit;$cContains public sector information licensed under the Open Government Licence;$eThe Legal Deposit Libraries (Non-Print Works) Regulations (UK).$5Uk
=520  \\$aThe Prevent strategy is part of the wider counter-terrorism strategy known as CONTEST; it aims to safeguard people from becoming terrorists or supporting terrorism.
=540  \\$aCopying and sharing of this resource is governed by the terms of the Open Government Licence and UK copyright law currently in force.$5Uk
=588  \\$aDescription based on GOV.UK webpage published January 26, 2023 (archived March 6, 2023).
=610  27$aPREVENT (Programme)$2fast$0(OCoLC)fst01977700
=650  \7$aTerrorism$xPrevention.$2fast$0(OCoLC)fst01148123
=651  \7$aEngland.$2fast$0(OCoLC)fst01219920
=651  \7$aWales.$2fast$0(OCoLC)fst01207649
=655  \7$aStatistics.$2fast$0(OCoLC)fst01423727
=655  \7$aWeb archives.$2fast$0(OCoLC)fst02008857
=690  7\$aOpen Government Licence Collection$2blcoll
=710  2\$aBritish Library,$ecollector.
=710  2\$aUK Web Archive,$ecollector.
=774  08$iTo 2019/20 reports also published in PDF:$tIndividuals referred to and supported through the Prevent Programme
=856  40$uhttps://www.webarchive.org.uk/wayback/en/archive/*/https://www.gov.uk/government/collections/individuals-referred-to-and-supported-through-the-prevent-programme-statistics$yUK Web Archive
=859  \\$aXLD$bUK Web Archive
=CAT  \\$a3391$b40$c20230602$lBLL01$h1949
=LKR  \\$aPAR$b018768984$lBLL01$r774$mIndividuals referred to and supported through the Prevent Programme statistics.$nIndividuals referred to and supported through the Prevent Programme : April ... to March ... /
=LAS  \\$a3391$b40$c20230602$lBLL01$h1949

