=LDR  02471nai a2200493 i 4500
=001  021076750
=003  Uk
=005  20230602205827.0
=006  m\\\\\|\\d\|\\\\\\
=007  cr\|||||||||||
=008  090428c20129999enk||\w\o\\\\f0\\\a2eng\\
=FMT  \\$a  SE
=040  \\$aUk$beng$cUk$erda
=042  \\$aukblsr
=082  04$a363.739463$223
=110  1\$aGreat Britain.$bDepartment for Environment, Food & Rural Affairs,$ecreator.
=245  10$aBathing water quality statistics.
=264  \1$a[London] :$bDepartment for Environment, Food & Rural Affairs,$c[26 November 2012]-
=300  \\$a1 archived website
=336  \\$atext$2rdacontent
=337  \\$acomputer$2rdamedia
=338  \\$aonline resource$2rdacarrier
=500  \\$aGOV.UK webpage first archived on July 30, 2014; ongoing.
=500  \\$aAt head of title: Official statistics.
=506  0\$aLegal Deposit;$cContains public sector information licensed under the Open Government Licence;$eThe Legal Deposit Libraries (Non-Print Works) Regulations (UK).$5Uk
=520  \\$aAnnual statistics showing if bathing waters in England meet regulatory standards.
=540  \\$aCopying and sharing of this resource is governed by the terms of the Open Government Licence and UK copyright law currently in force.$5Uk
=588  \\$aDescription based on GOV.UK webpage published November 30, 2022 (archived December 11, 2022).
=650  \7$aBathing beaches$xHealth aspects.$2fast$0(OCoLC)fst00828698
=650  \7$aWater$xRecreational use.$2fast$0(OCoLC)fst01171483
=650  \7$aWater quality$xStandards.$2fast$0(OCoLC)fst01171880
=651  \7$aEngland.$2fast$0(OCoLC)fst01219920
=655  \7$aStatistics.$2fast$0(OCoLC)fst01423727
=655  \7$aWeb archives.$2fast$0(OCoLC)fst02008857
=690  7\$aOpen Government Licence Collection$2blcoll
=710  2\$aBritish Library,$ecollector.
=710  2\$aUK Web Archive,$ecollector.
=774  08$iTo 2019 reports also published in PDF:$tStatistics on English coastal and inland bathing waters
=856  40$uhttps://www.webarchive.org.uk/wayback/en/archive/*/https://www.gov.uk/government/statistics/bathing-water-quality-statistics$yUK Web Archive
=859  \\$aXLD$bUK Web Archive
=CAT  \\$a3391$b40$c20230602$lBLL01$h2057
=CAT  \\$a3391$b40$c20230602$lBLL01$h2058
=LKR  \\$aPAR$b019699103$lBLL01$r774$mBathing water quality statistics$nStatistics on English coastal and inland bathing waters
=LAS  \\$a3391$b40$c20230602$lBLL01$h2058

