=LDR  03192nai a2200481 i 4500
=001  021076751
=003  Uk
=005  20230602223820.0
=006  m\\\\\|\\d\|\\\\\\
=007  cr\|||||||||||
=008  090428cuuuu9999enk||\w\o\\\\f0\\\a2eng\\
=FMT  \\$a  SE
=040  \\$aUk$beng$cUk$erda
=042  \\$aukblsr
=082  04$a347.42014$223
=110  1\$aGreat Britain.$bJudicial Appointments Commission,$ecreator.
=245  10$aStatistics about judicial appointments.
=264  \1$a[London] :$bJudicial Appointments Commission.
=300  \\$a1 archived website
=336  \\$atext$2rdacontent
=337  \\$acomputer$2rdamedia
=338  \\$aonline resource$2rdacarrier
=500  \\$aWebpage first archived on May 13, 2023; ongoing.
=505  2\$aDiversity of the judiciary, 2020- -- Judicial Selection and Recommendations for Appointment, 2010-2019 -- Statistical analysis of candidate progression through judicial selection tools 1 April 2015 to 31 March 2021 -- Methodology review report: Statistical reporting from a diversity perspective.
=506  1\$aLegal Deposit;$cOnly available on premises controlled by the deposit library and to one user at any one time;$eThe Legal Deposit Libraries (Non-Print Works) Regulations (UK).$5Uk
=520  \\$aThe official statistics publications present statistics on applications, shortlisting and recommendations for the appointment of judges in selection exercises. The statistics are used to monitor and evaluate the diversity of applications and our recommendations for judicial office. In September 2020, the Judicial Diversity Forum published the Combined Statistical Report for the first time, bringing together data on the diversity of the judiciary, judicial appointments and from the relevant professional bodies (the Law Society, the Bar Council and the Chartered Institute of Legal Executives (CILEx)).
=540  \\$aRestricted: Printing from this resource is governed by The Legal Deposit Libraries (Non-Print Works) Regulations (UK) and UK copyright law currently in force.$5Uk
=588  \\$aDescription based on webpage archived June 2, 2023.
=650  \7$aJudges$xSelection and appointment.$2fast$0(OCoLC)fst00984544
=651  \7$aEngland.$2fast$0(OCoLC)fst01219920
=651  \7$aWales.$2fast$0(OCoLC)fst01207649
=655  \7$aStatistics.$2fast$0(OCoLC)fst01423727
=655  \7$aWeb archives.$2fast$0(OCoLC)fst02008857
=710  2\$aBritish Library,$ecollector.
=710  2\$aUK Web Archive,$ecollector.
=774  08$iTo 2018/19 content also issued in PDF:$tJudicial selection and recommendations for appointment statistics, England and Wales, ... to ...
=856  40$uhttps://www.webarchive.org.uk/wayback/en/archive/*/https://judicialappointments.gov.uk/statistics-about-judicial-appointments/$yUK Web Archive
=859  \\$aXLD$bUK Web Archive
=CAT  \\$a3391$b40$c20230602$lBLL01$h2156
=CAT  \\$a3391$b40$c20230602$lBLL01$h2212
=CAT  \\$a3391$b40$c20230602$lBLL01$h2238
=LKR  \\$aPAR$b016019176$lBLL01$r774$mStatistics about judicial appointments.$nJudicial selection and recommendations for appointment statistics, England and Wales, ... to ...
=LAS  \\$a3391$b40$c20230602$lBLL01$h2238

