=LDR  02511nai a2200505 i 4500
=001  021117512
=003  Uk
=005  20230624212946.0
=006  m\\\\\|\\d\|\\\\\\
=007  cr\|||||||||||
=008  090428c20149999enk||\w\o\\\\f0\\\a2eng\\
=FMT  \\$a  SE
=040  \\$aUk$beng$cUk$erda
=042  \\$aukblsr
=082  04$a370.710942$223
=110  1\$aGreat Britain.$bOffice for Standards in Education, Children's Services and Skills (England)$ecreator.
=245  10$aInitial teacher education :$binspections and outcomes.
=264  \1$a[London] :$bOfsted,$c12 December 2014-
=300  \\$a1 archived website
=336  \\$atext$2rdacontent
=337  \\$acomputer$2rdamedia
=338  \\$aonline resource$2rdacarrier
=500  \\$aGOV.UK webpage first archived on January 26, 2015; ongoing.
=500  \\$aAt head of title: Collection.
=506  0\$aLegal Deposit;$cContains public sector information licensed under the Open Government Licence;$eThe Legal Deposit Libraries (Non-Print Works) Regulations (UK).$5Uk
=520  \\$aOfficial statistics for initial teacher education provision in England.
=540  \\$aCopying and sharing of this resource is governed by the terms of the Open Government Licence and UK copyright law currently in force.$5Uk
=588  \\$aDescription based on GOV.UK webpage published November 16, 2021 (archived September 22, 2022).
=650  \7$aTeachers$xTraining of.$2fast$0(OCoLC)fst01144404
=650  \7$aEducation$xStudy and teaching.$2fast$0(OCoLC)fst00902796
=651  \7$aEngland.$2fast$0(OCoLC)fst01219920
=655  \7$aStatistics.$2fast$0(OCoLC)fst01423727
=655  \7$aWeb archives.$2fast$0(OCoLC)fst02008857
=690  7\$aOpen Government Licence Collection$2blcoll
=710  2\$aBritish Library,$ecollector.
=710  2\$aUK Web Archive,$ecollector.
=774  08$iTo 2019 content also issued in PDF:$tInitial teacher education inspections and outcomes
=856  40$uhttps://www.webarchive.org.uk/wayback/en/archive/*/https://www.gov.uk/government/collections/initial-teacher-education-inspections-and-outcomes$yUK Web Archive
=859  \\$aXLD$bUK Web Archive
=CAT  \\$a3391$b40$c20230624$lBLL01$h2107
=CAT  \\$a3391$b40$c20230624$lBLL01$h2109
=CAT  \\$a3391$b40$c20230624$lBLL01$h2110
=CAT  \\$a3391$b40$c20230624$lBLL01$h2129
=LKR  \\$aPAR$b018218470$lBLL01$r774$mInitial teacher education : inspections and outcomes.$nInitial teacher education inspections and outcomes.
=LAS  \\$a3391$b40$c20230624$lBLL01$h2129

