=LDR  02744nai a2200529 i 4500
=001  021121650
=003  Uk
=005  20230628115814.0
=006  m\\\\\|\\d\|\\\\\\
=007  cr\|||||||||||
=008  090428c20199999enk||\w\o\\\\f0\\\a2eng\\
=FMT  \\$a  SE
=040  \\$aUk$beng$cUk$erda
=042  \\$aukblsr
=082  04$a336.271409411$223
=110  1\$aGreat Britain.$bHM Revenue & Customs,$ecreator.
=245  10$aScottish VAT assignment :$bexperimental statistics.
=246  3\$aScottish value added tax assignment
=264  \1$a[London] :$bHM Revenue & Customs, The Scottish Government, and HM Treasury,$c30 May 2019-
=300  \\$a1 archived website
=336  \\$atext$2rdacontent
=337  \\$acomputer$2rdamedia
=338  \\$aonline resource$2rdacarrier
=500  \\$aGOV.UK webpage first archived on May 30, 2019; ongoing.
=500  \\$aAt head of title: Official statistics.
=506  0\$aLegal Deposit;$cContains public sector information licensed under the Open Government Licence;$eThe Legal Deposit Libraries (Non-Print Works) Regulations (UK).$5Uk
=520  \\$aThe Experimental Statistics publications on Scottish VAT Assignment (VA) present the share of the first 10 percentage points of standard rated VAT and 2.5 percentage points of reduced rated VAT raised in Scotland as an annual proportion of UK VAT receipts.
=540  \\$aCopying and sharing of this resource is governed by the terms of the Open Government Licence and UK copyright law currently in force.$5Uk
=588  \\$aDescription based on GOV.UK webpage published September 29, 2022 (archived September 29, 2022).
=650  \7$aValue-added tax.$2fast$0(OCoLC)fst01163890
=650  \7$aTax administration and procedure.$2fast$0(OCoLC)fst01143633
=651  \7$aScotland.$2fast$0(OCoLC)fst01206715
=655  \7$aStatistics.$2fast$0(OCoLC)fst01423727
=655  \7$aWeb archives.$2fast$0(OCoLC)fst02008857
=690  7\$aOpen Government Licence Collection$2blcoll
=710  1\$aGreat Britain.$bTreasury,$ecreator.
=710  1\$aScotland.$bScottish Government,$ecreator.
=710  2\$aBritish Library,$ecollector.
=710  2\$aUK Web Archive,$ecollector.
=774  08$iReport for 2019 issued in PDF:$tScottish VAT assignment
=856  40$uhttps://www.webarchive.org.uk/wayback/en/archive/*/https://www.gov.uk/government/statistics/scottish-vat-assignment-experimental-statistics$yUK Web Archive
=859  \\$aXLD$bUK Web Archive
=CAT  \\$a3391$b40$c20230628$lBLL01$h1156
=CAT  \\$a3391$b40$c20230628$lBLL01$h1157
=CAT  \\$a3391$b40$c20230628$lBLL01$h1158
=LKR  \\$aPAR$b019469127$lBLL01$r774$mScottish VAT assignment : experimental statistics.$nScottish VAT Assignment
=LAS  \\$a3391$b40$c20230628$lBLL01$h1158

