=LDR  02896cai a2200493 i 4500
=001  021132470
=003  Uk
=005  20230919174912.0
=006  m\\\\\|\\d\|\\\\\\
=007  cr\|||||||||||
=008  090428c20229999enk||\w\o\\\\f0\\\a2eng\\
=FMT  \\$a  SE
=040  \\$aUk$beng$cUk$erda
=042  \\$aukblsr
=082  04$a362.10285$223
=110  1\$aGreat Britain.$bDepartment of Health & Social Care,$ecreator.
=245  12$aA plan for digital health and social care.
=264  \1$a[London] :$bDepartment for Health and Social Care and NHS England,$c29 June 2022-
=300  \\$a1 archived website
=336  \\$atext$2rdacontent
=337  \\$acomputer$2rdamedia
=338  \\$aonline resource$2rdacarrier
=500  \\$aGOV.UK webpage first archived on June 29, 2022; ongoing.
=500  \\$aAt head of title: Policy paper.
=506  0\$aLegal Deposit;$cContains public sector information licensed under the Open Government Licence;$eThe Legal Deposit Libraries (Non-Print Works) Regulations (UK).$5Uk
=520  \\$aThe plan for digital health and social care sets out a vision for a digitally enabled health and social care system and how we can achieve it - it collates existing digital strategies, plans and guidance into one single action plan. It is aimed at health and social care leaders across the system, and industry partners to help them plan for the future. In the document, we make clear our priorities for digital transformation and begin to set out the support that will be available to local systems to enable the changes that are needed.
=540  \\$aCopying and sharing of this resource is governed by the terms of the Open Government Licence and UK copyright law currently in force.$5Uk
=588  \\$aDescription based on GOV.UK webpage published June 29, 2022 (archived December 23, 2022).
=610  17$aGreat Britain.$bNational Health Service.$2fast$0(OCoLC)fst00677878
=650  \7$aHealth services administration$xData processing.$2fast$0(OCoLC)fst00953295
=650  \7$aHealth$xGovernment policy.$2fast$0(OCoLC)fst00952757
=650  \7$aMedicine$xInformation technology.$2fast$0(OCoLC)fst01014987
=650  \7$aMedical care$xTechnological innovations.$2fast$0(OCoLC)fst01013869
=651  \7$aEngland.$2fast$0(OCoLC)fst01219920
=655  \7$aWeb archives.$2fast$0(OCoLC)fst02008857
=690  7\$aOpen Government Licence Collection$2blcoll
=710  2\$aNHS England,$ecreator.
=710  2\$aBritish Library,$ecollector.
=710  2\$aUK Web Archive,$ecollector.
=856  40$uhttps://www.webarchive.org.uk/wayback/en/archive/*/https://www.gov.uk/government/publications/a-plan-for-digital-health-and-social-care/a-plan-for-digital-health-and-social-care$yUK Web Archive
=859  \\$aXLD$bUK Web Archive
=CAT  \\$a3391$b40$c20230704$lBLL01$h2016
=CAT  \\$a3391$b40$c20230919$lBLL01$h1749
=LAS  \\$a3391$b40$c20230919$lBLL01$h1749

