=LDR  03472cai a2200625 i 4500
=001  021134910
=003  Uk
=005  20230713022856.0
=006  m\\\\\|\\d\|\\\\\\
=007  cr\|||||||||||
=008  090428c20139999enk||\w\o\\\\f0\\\a2eng\\
=FMT  \\$a  SE
=040  \\$aUk$beng$cUk$erda
=042  \\$aukblsr
=082  04$a387.0941021$223
=110  1\$aGreat Britain.$bDepartment for Transport,$ecreator.
=245  10$aMaritime and shipping statistics.
=264  \1$a[London] :$bDepartment for Transport,$c7 January 2013-
=300  \\$a1 archived website
=336  \\$atext$2rdacontent
=337  \\$acomputer$2rdamedia
=338  \\$aonline resource$2rdacarrier
=500  \\$aGOV.UK webpage first archived on November 9, 2013; ongoing.
=500  \\$aAt head of title: Collection.
=505  0\$aPort and domestic waterborne freight statistics -- Sea passenger statistics -- Shipping fleet statistics -- Seafarer statistics
=506  0\$aLegal Deposit;$cContains public sector information licensed under the Open Government Licence;$eThe Legal Deposit Libraries (Non-Print Works) Regulations (UK).$5Uk
=520  \\$aData and statistics about ports, shipping, sea passengers, waterborne freight and seafarers.
=540  \\$aCopying and sharing of this resource is governed by the terms of the Open Government Licence and UK copyright law currently in force.$5Uk
=588  \\$aDescription based on GOV.UK webpage published June 7, 2023 (archived July 5, 2023).
=650  \7$aShipping$xStatistics.$2fast$0(OCoLC)fst01116422
=650  \7$aFreight and freightage$xStatistics.$2fast$0(OCoLC)fst00934194
=650  \7$aPassenger ships.$2fast$0(OCoLC)fst01054378
=650  \7$aMerchant mariners.$2fast$0(OCoLC)fst01017001
=650  \7$aMerchant marine$xStatistics.$2fast$0(OCoLC)fst01016992
=651  \7$aGreat Britain.$2fast$0(OCoLC)fst01204623
=655  \7$aWeb archives.$2fast$0(OCoLC)fst02008857
=690  7\$aOpen Government Licence Collection$2blcoll
=710  2\$aBritish Library,$ecollector.
=710  2\$aUK Web Archive,$ecollector.
=774  08$iTo 2020 content also issued in PDF:$tUK port freight statistics ... final figures
=774  08$iTo 2020 content also issued in PDF:$tSea passenger statistics$x2398-922X
=774  08$aTo 2019 content also issued in PDF:$tShipping fleet statistics$x2399-1704
=774  08$iTo 2020 content also issued in PDF:$tSeafarers in the UK shipping industry
=774  08$iTo Quarter 1, Jan.- Mar. 2018 content also available in PDF:$tUK port freight statistics.
=856  40$uhttps://www.webarchive.org.uk/wayback/en/archive/*/https://www.gov.uk/government/collections/maritime-and-shipping-statistics$yUK Web Archive
=859  \\$aXLD$bUK Web Archive
=CAT  \\$a3391$b40$c20230707$lBLL01$h0148
=CAT  \\$a3391$b40$c20230713$lBLL01$h0228
=CAT  \\$a3391$b40$c20230713$lBLL01$h0228
=LKR  \\$aPAR$b018308406$lBLL01$r774$mMaritime and shipping statistics.$nUK port freight statistics ... : final figures.
=LKR  \\$aPAR$b017966728$lBLL01$r774$mMaritime and shipping statistics.$nSea passenger statistics
=LKR  \\$aPAR$b017971238$lBLL01$r774$mMaritime and shipping statistics.$nShipping fleet statistics
=LKR  \\$aPAR$b019242046$lBLL01$r774$mMaritime and shipping statistics.$nSeafarers in the UK shipping industry.
=LKR  \\$aPAR$b018307557$lBLL01$r774$mMaritime and shipping statistics.$nUK port freight statistics.
=LAS  \\$a3391$b40$c20230713$lBLL01$h0228

