=LDR  02316nai a2200457 i 4500
=001  021135370
=003  Uk
=005  20230708003055.0
=006  m\\\\\|\\d\|\\\\\\
=007  cr\|||||||||||
=008  090428c20139999enk||\w\o\\\\f0\\\a2eng\\
=FMT  \\$a  SE
=040  \\$aUk$beng$cUk$erda
=042  \\$aukblsr
=082  04$a338.17389$223
=110  1\$aGreat Britain.$bDepartment for Environment, Food & Rural Affairs,$ecreator.
=245  10$aNon-food crops.
=264  \1$a[London] :$bDepartment for Environment, Food & Rural Affairs,$c25 January 2013-
=300  \\$a1 archived website
=336  \\$atext$2rdacontent
=337  \\$acomputer$2rdamedia
=338  \\$aonline resource$2rdacarrier
=500  \\$aGOV.UK webpage first archived on November 12, 2013; ongoing.
=500  \\$aAt head of title: Collection.
=506  0\$aLegal Deposit;$cContains public sector information licensed under the Open Government Licence;$eThe Legal Deposit Libraries (Non-Print Works) Regulations (UK).$5Uk
=520  \\$aThe series gives the area of non-food crops grown in the UK. This includes areas of oilseed rape, sugar beet, wheat, maize, miscanthus, short rotation coppice and straw crops grown for use as bioenergy.
=540  \\$aCopying and sharing of this resource is governed by the terms of the Open Government Licence and UK copyright law currently in force.$5Uk
=588  \\$aDescription based on GOV.UK webpage published December 9, 2021 (archived December 16, 2022).
=650  \7$aEnergy crops.$2fast$0(OCoLC)fst00910027
=651  \7$aGreat Britain.$2fast$0(OCoLC)fst01204623
=655  \7$aStatistics.$2fast$0(OCoLC)fst01423727
=655  \7$aWeb archives.$2fast$0(OCoLC)fst02008857
=690  7\$aOpen Government Licence Collection$2blcoll
=710  2\$aBritish Library,$ecollector.
=710  2\$aUK Web Archive,$ecollector.
=774  08$iReports to 2008-2020 issued in PDF:$tCrops grown for bioenergy in England and the UK
=856  40$uhttps://www.webarchive.org.uk/wayback/en/archive/*/https://www.gov.uk/government/collections/non-food-crops$yUK Web Archive
=859  \\$aXLD$bUK Web Archive
=CAT  \\$a3391$b40$c20230708$lBLL01$h0030
=LKR  \\$aPAR$b018691582$lBLL01$r774$mNon-food crops.$nCrops grown for bioenergy in England and the UK.
=LAS  \\$a3391$b40$c20230708$lBLL01$h0030

