=LDR  02971nai a2200517 i 4500
=001  021135371
=003  Uk
=005  20230708014850.0
=006  m\\\\\|\\d\|\\\\\\
=007  cr\|||||||||||
=008  090428c20169999enk||\w\o\\\\f0\\\a2eng\\
=FMT  \\$a  SE
=040  \\$aUk$beng$cUk$erda
=042  \\$aukblsr
=082  04$a636.20894542$223
=110  1\$aGreat Britain.$bDepartment for Environment, Food & Rural Affairs,$ecreator.
=245  10$aBovine TB :$bcontrolling the risk of bovine TB from badgers.
=246  3\$aBovine tuberculosis :$bcontrolling the risk of bovine tuberculosis from badgers
=264  \1$a[London] :$bDepartment for Environment, Food & Rural Affairs, Animal and Plant Health Agency and Natural England,$c30 August 2016-
=300  \\$a1 archived website
=336  \\$atext$2rdacontent
=337  \\$acomputer$2rdamedia
=338  \\$aonline resource$2rdacarrier
=500  \\$aGOV.UK webpage first archived on September 2, 2016; ongoing.
=500  \\$aAt head of title: Collection.
=505  0\$aLicences and authorisations -- Costs of badger control -- Badger control methods --Badger vaccination -- Monitoring and evaluation -- Surveillance -- Chief Veterinary Officer's advice -- DEFRA advice to Natural England -- Government policy -- Consultations
=506  0\$aLegal Deposit;$cContains public sector information licensed under the Open Government Licence;$eThe Legal Deposit Libraries (Non-Print Works) Regulations (UK).$5Uk
=520  \\$aInformation on what the government is doing to control the risk of bovine tuberculosis (TB) from badgers.
=540  \\$aCopying and sharing of this resource is governed by the terms of the Open Government Licence and UK copyright law currently in force.$5Uk
=588  \\$aDescription based on GOV.UK webpage published June 7, 2023 (archived July 5, 2023).
=650  \7$aOld World badger$xControl.$2fast$0(OCoLC)fst01045267
=650  \7$aTuberculosis in cattle$xPrevention.$2fast$0(OCoLC)fst01158563
=651  \7$aEngland.$2fast$0(OCoLC)fst01219920
=655  \7$aWeb archives.$2fast$0(OCoLC)fst02008857
=690  7\$aOpen Government Licence Collection$2blcoll
=710  2\$aNatural England (Agency),$ecreator.
=710  1\$aGreat Britain.$bAnimal and Plant Health Agency,$ecreator.
=710  2\$aBritish Library,$ecollector.
=710  2\$aUK Web Archive,$ecollector.
=774  08$iReports to 2018 also available in PDF:$tSummary of badger control operations during ...
=856  40$uhttps://www.webarchive.org.uk/wayback/en/archive/*/https://www.gov.uk/government/collections/bovine-tb-controlling-the-risk-of-bovine-tb-from-badgers$yUK Web Archive
=859  \\$aXLD$bUK Web Archive
=CAT  \\$a3391$b40$c20230708$lBLL01$h0139
=CAT  \\$a3391$b40$c20230708$lBLL01$h0148
=LKR  \\$aPAR$b019396841$lBLL01$r774$mBovine TB : controlling the risk of bovine TB from badgers.$nSummary of badger control operations during ...
=LAS  \\$a3391$b40$c20230708$lBLL01$h0148

