=LDR  04742cai a2200637 i 4500
=001  021137189
=003  Uk
=005  20230713020543.0
=006  m\\\\\|\\d\|\\\\\\
=007  cr\|||||||||||
=008  090428c20139999enk||\w\o\\\\f0\\\a2eng\\
=FMT  \\$a  SE
=040  \\$aUk$beng$cUk$erda
=042  \\$aukblsr
=082  04$a333.95160941$223
=110  1\$aGreat Britain.$bDepartment for Environment, Food & Rural Affairs,$ecreator.
=245  10$aBiodiversity and wildlife statistics.
=264  \1$a[London] :$bDepartment for Environment, Food & Rural Affairs,$c[17 October 2013]-
=300  \\$a1 archived website
=336  \\$atext$2rdacontent
=337  \\$acomputer$2rdamedia
=338  \\$aonline resource$2rdacarrier
=500  \\$aGOV.UK webpage first archived on November 8, 2013; ongoing.
=500  \\$aAt head of title: Collection.
=505  0\$aUK biodiversity indicators -- England biodiversity indicators -- Wild bird populations in the UK -- Wild bird populations in England -- Butterflies in the United Kingdom: habitat specialists and species of the wider countryside -- Butterflies in England: species of the wider countryside on farmland and in woodland -- Local sites in positive conservation management -- Expenditure on biodiversity.
=506  0\$aLegal Deposit;$cContains public sector information licensed under the Open Government Licence;$eThe Legal Deposit Libraries (Non-Print Works) Regulations (UK).$5Uk
=520  \\$aThis series contains national and official statistics on biodiversity and wildlife. Biodiversity is the variety of living things and the natural environments that support them. Whilst it is not practicable to monitor every aspect of our environment, trends in selected species or environments can provide a good indication of the broad state of biodiversity. Data is available from a wide range of national surveys and monitoring schemes coordinated by expert organisations, and some of the important ones are used and published as indicators by Defra to show whether our natural environment is being managed sustainably.
=540  \\$aCopying and sharing of this resource is governed by the terms of the Open Government Licence and UK copyright law currently in force.$5Uk
=588  \\$aDescription based on GOV.UK webpage published February 21, 2023 (archived April 2, 2023).
=650  \7$aBiodiversity.$2fast$0(OCoLC)fst01429860
=651  \7$aGreat Britain.$2fast$0(OCoLC)fst01204623
=655  \7$aStatistics.$2fast$0(OCoLC)fst01423727
=655  \7$aWeb archives.$2fast$0(OCoLC)fst02008857
=690  7\$aOpen Government Licence Collection$2blcoll
=710  2\$aBritish Library,$ecollector.
=710  2\$aUK Web Archive,$ecollector.
=774  08$iContent also available in PDF:$tUK biodiversity indicators
=774  08$iReports to 1970/2019 also available in PDF:$tWild bird populations in the UK
=774  08$iReports to 1970/2018 also available in PDF:$tWild bird populations in England
=774  08$iReports to 1976/2020 also available in PDF:$tButterflies in the United Kingdom : habitat specialists and species of the wider countryside
=774  08$iReports to 1990/2019 also available in PDF:$tButterflies in England : species of the wider countryside on farmland and in woodland
=774  08$iReports to 2008/09-2018/19 also available in PDF:$tNature conservation : local sites in positive conservation management in England
=856  40$uhttps://www.webarchive.org.uk/wayback/en/archive/*/https://www.gov.uk/government/collections/biodiversity-and-wildlife-statistics$yUK Web Archive
=859  \\$aXLD$bUK Web Archive
=CAT  \\$a3391$b40$c20230710$lBLL01$h0213
=CAT  \\$a3391$b40$c20230710$lBLL01$h0214
=CAT  \\$a3391$b40$c20230713$lBLL01$h0057
=CAT  \\$a3391$b40$c20230713$lBLL01$h0130
=CAT  \\$a3391$b40$c20230713$lBLL01$h0205
=LKR  \\$aPAR$b017868084$lBLL01$r774$mBiodiversity and wildlife statistics.$nUK biodiversity indicators.
=LKR  \\$aPAR$b018561986$lBLL01$r774$mBiodiversity and wildlife statistics.$nWild bird populations in the UK.
=LKR  \\$aPAR$b018561964$lBLL01$r774$mBiodiversity and wildlife statistics.$nWild bird populations in England.
=LKR  \\$aPAR$b019554259$lBLL01$r774$mBiodiversity and wildlife statistics.$nButterflies in the United Kingdom : habitat specialists and species of the wider countryside.
=LKR  \\$aPAR$b019554220$lBLL01$r774$mBiodiversity and wildlife statistics.$nButterflies in England : species of the wider countryside on farmland and in woodland.
=LKR  \\$aPAR$b018549104$lBLL01$r774$mBiodiversity and wildlife statistics.$nNature conservation : local sites in positive conservation management in England
=LAS  \\$a3391$b40$c20230713$lBLL01$h0205

