=LDR  03644cai a2200613 i 4500
=001  021141373
=003  Uk
=005  20230828181659.0
=006  m\\\\\|\\d\|\\\\\\
=007  cr\|||||||||||
=008  090428c20139999enk||\w\o\\\\f0\\\a2eng\\
=FMT  \\$a  SE
=040  \\$aUk$beng$cUk$erda
=042  \\$aukblsr
=082  04$a361.250942021$223
=110  1\$aGreat Britain.$bDepartment for Culture, Media and Sport (2023- )$ecreator.
=245  10$aCommunity life survey.
=264  \1$a[London] :$bCabinet Office,$c[12 February 2013]-
=264  21$32017-July 2018$a[London] :$bDepartment for Digital, Culture, Media and Sport
=264  21$3August 2018-2022$a[London] :$bDepartment for Digital, Culture, Media and Sport and Office for Civil Society
=264  31$32023-$a[London] :$bDepartment for Culture, Media and Sport and Department for Digital, Culture, Media & Sport
=300  \\$a1 archived website
=336  \\$atext$2rdacontent
=337  \\$acomputer$2rdamedia
=338  \\$aonline resource$2rdacarrier
=500  \\$aGOV.UK webpage first archived on July 24, 2014; ongoing.
=500  \\$aAt head of title: Collection.
=506  0\$aLegal Deposit;$cContains public sector information licensed under the Open Government Licence;$eThe Legal Deposit Libraries (Non-Print Works) Regulations (UK).$5Uk
=520  \\$aThe Community Life Survey is a key evidence source for understanding more about community engagement, volunteering and social cohesion, sampling adults (aged 16+) throughout England. The Department for Digital, Culture, Media & Sport took on responsibility for publishing results from the Community Life survey (CLS) for 2016-17 onwards, after it was commissioned by the Cabinet Office in 2012. Previous data and questionnaires for the CLS from 2012 until 2016 are available at Community Life Survey 2012-13 to 2015-16 (please follow link on archived webpage).
=540  \\$aCopying and sharing of this resource is governed by the terms of the Open Government Licence and UK copyright law currently in force.$5Uk
=588  \\$aDescription based on GOV.UK webpage published February 28, 2023 (archived June 13, 2023).
=650  \7$aCommunity life.$2fast$0(OCoLC)fst00871028
=650  \7$aCommunity organization.$2fast$0(OCoLC)fst01432034
=650  \7$aSocial integration.$2fast$0(OCoLC)fst01122550
=650  \7$aVoluntarism.$2fast$0(OCoLC)fst01168976
=651  \7$aEngland.$2fast$0(OCoLC)fst01219920
=655  \7$aStatistics.$2fast$0(OCoLC)fst01423727
=655  \7$aWeb archives.$2fast$0(OCoLC)fst02008857
=690  7\$aOpen Government Licence Collection$2blcoll
=710  1\$aGreat Britain.$bDepartment for Digital, Culture, Media and Sport,$ecreator.
=710  1\$aGreat Britain.$bOffice for Civil Society,$ecreator.
=710  1\$aGreat Britain.$bCabinet Office,$ecreator.
=710  2\$aBritish Library,$ecollector.
=710  2\$aUK Web Archive,$ecollector.
=774  08$iTo 2020/21 technical report issued in PDF:$tCommunity life survey. Technical report
=774  08$iTo 2018/19 headline report issued in PDF:$tCommunity life survey
=856  40$uhttps://www.webarchive.org.uk/wayback/en/archive/*/https://www.gov.uk/government/collections/community-life-survey--2$yUK Web Archive
=859  \\$aXLD$bUK Web Archive
=CAT  \\$a3391$b40$c20230713$lBLL01$h1330
=CAT  \\$a3391$b40$c20230713$lBLL01$h1332
=CAT  \\$a3391$b40$c20230828$lBLL01$h1816
=LKR  \\$aPAR$b018307542$lBLL01$r774$mCommunity life survey.$nCommunity life survey.
=LKR  \\$aPAR$b016324323$lBLL01$r774$mCommunity life survey.$nCommunity life survey.
=LAS  \\$a3391$b40$c20230828$lBLL01$h1816

