=LDR  02391nai a2200481 i 4500
=001  021141398
=003  Uk
=005  20230713144934.0
=006  m\\\\\|\\d\|\\\\\\
=007  cr\|||||||||||
=008  090428c20139999enk||\w\o\\\\f0\\\a2eng\\
=FMT  \\$a  SE
=040  \\$aUk$beng$cUk$erda
=042  \\$aukblsr
=082  04$a362.29$223
=110  2\$aUK Health Security Agency,$ecreator.
=245  10$aShooting up :$binfections among people who inject drugs in the UK.
=264  \1$a[London] :$bPublic Health England,$c1 November 2013-
=264  31$32022-$a[London]$bUK Health Security Agency
=300  \\$a1 archived website
=336  \\$atext$2rdacontent
=337  \\$acomputer$2rdamedia
=338  \\$aonline resource$2rdacarrier
=500  \\$aGOV.UK webpage first archived on October 30, 2014; ongoing.
=500  \\$aAt head of title: Research and analysis.
=506  0\$aLegal Deposit;$cContains public sector information licensed under the Open Government Licence;$eThe Legal Deposit Libraries (Non-Print Works) Regulations (UK).$5Uk
=520  \\$aThis report describes the extent of infections and injecting-related harms among people who inject drugs (PWID) in the United Kingdom.
=540  \\$aCopying and sharing of this resource is governed by the terms of the Open Government Licence and UK copyright law currently in force.$5Uk
=588  \\$aDescription based on GOV.UK webpage published March 22, 2023 (archived April 17, 2023).
=650  \7$aIntravenous drug abuse$xHealth aspects.$2fast$0(OCoLC)fst00977814
=651  \7$aGreat Britain.$2fast$0(OCoLC)fst01204623
=655  \7$aStatistics.$2fast$0(OCoLC)fst01423727
=655  \7$aWeb archives.$2fast$0(OCoLC)fst02008857
=690  7\$aOpen Government Licence Collection$2blcoll
=710  2\$aPublic Health England,$ecreator.
=710  2\$aBritish Library,$ecollector.
=710  2\$aUK Web Archive,$ecollector.
=774  08$iReports to 2020 issued in PDF:$tShooting up
=856  40$uhttps://www.webarchive.org.uk/wayback/en/archive/*/https://www.gov.uk/government/publications/shooting-up-infections-among-people-who-inject-drugs-in-the-uk$yUK Web Archive
=859  \\$aXLD$bUK Web Archive
=CAT  \\$a3391$b40$c20230713$lBLL01$h1449
=LKR  \\$aPAR$b020685765$lBLL01$r774$mShooting up : infections among people who inject drugs in the UK.$nShooting up.
=LAS  \\$a3391$b40$c20230713$lBLL01$h1449

