=LDR  02768nai a2200481 i 4500
=001  021141534
=003  Uk
=005  20230713192012.0
=006  m\\\\\|\\d\|\\\\\\
=007  cr\|||||||||||
=008  090428c20139999enk||\w\o\\\\f0\\\a2eng\\
=FMT  \\$a  SE
=040  \\$aUk$beng$cUk$erda
=042  \\$aukblsr
=082  04$a614.470942021$223
=110  2\$aUK Health Security Agency,$ecreator.
=245  10$aVaccine uptake guidance and the latest coverage data.
=264  \1$a[London] :$bPublic Health England,$c[30 September 2013]-
=264  31$3November 2021-$a[London] :$bUK Health Security Agency
=300  \\$a1 archived website
=336  \\$atext$2rdacontent
=337  \\$acomputer$2rdamedia
=338  \\$aonline resource$2rdacarrier
=500  \\$aGOV.UK webpage first archived on November 8, 2013; ongoing.
=500  \\$aAt head of title: Collection.
=505  0\$aCover of vaccination evaluated rapidly programme -- MenB vaccine uptake -- COVID-19 vaccine monitoring reports -- Seasonal flu vaccine uptake: figures -- Shingles vaccine uptake -- Td/IPV adolescent vaccine uptake -- MenACWY vaccine uptake -- Pertussis vaccine uptake in pregnant women -- HPV vaccine uptake -- PPV vaccine uptake -- Rotavirus vaccine uptake -- Seasonal flu vaccine uptake: data collection guidance -- Adolescent vaccine coverage (HPV, MenACWY, Td/IPV).
=506  0\$aLegal Deposit;$cContains public sector information licensed under the Open Government Licence;$eThe Legal Deposit Libraries (Non-Print Works) Regulations (UK).$5Uk
=520  \\$aData and reports for England on the coverage of vaccinations offered under the national immunisation programme, including for protection against: influenza; human papillomavirus (HPV); rotavirus; pertussis for pregnant women; and shingles.
=540  \\$aCopying and sharing of this resource is governed by the terms of the Open Government Licence and UK copyright law currently in force.$5Uk
=588  \\$aDescription based on GOV.UK webpage published June 22, 2023 (archived June 29, 2023).
=650  \7$aVaccination.$2fast$0(OCoLC)fst01163544
=650  \7$aImmunization.$2fast$0(OCoLC)fst00967894
=651  \7$aEngland.$2fast$0(OCoLC)fst01219920
=655  \7$aStatistics.$2fast$0(OCoLC)fst01423727
=655  \7$aWeb archives.$2fast$0(OCoLC)fst02008857
=690  7\$aOpen Government Licence Collection$2blcoll
=710  2\$aPublic Health England,$ecreator.
=710  2\$aBritish Library,$ecollector.
=710  2\$aUK Web Archive,$ecollector.
=856  40$uhttps://www.webarchive.org.uk/wayback/en/archive/*/https://www.gov.uk/government/collections/vaccine-uptake$yUK Web Archive
=859  \\$aXLD$bUK Web Archive
=CAT  \\$a3391$b40$c20230713$lBLL01$h1920
=LAS  \\$a3391$b40$c20230713$lBLL01$h1920

