=LDR  02401nai a2200481 i 4500
=001  021147674
=003  Uk
=005  20230721162736.0
=006  m\\\\\|\\d\|\\\\\\
=007  cr\|||||||||||
=008  090428c20239999enk||\w\o\\\\f0\\\a2eng\\
=FMT  \\$a  SE
=040  \\$aUk$beng$cUk$erda
=042  \\$aukblsr
=082  04$a382.911823$223
=110  1\$aGreat Britain.$bDepartment for Business & Trade,$ecreator.
=245  14$aThe UK's accession to the Comprehensive and Progressive Agreement for Trans-Pacific Partnership.
=246  3\$aCPTPP
=264  \1$a[London] :$bDepartment for Business and Trade,$c17 July 2023-
=300  \\$a1 archived website
=336  \\$atext$2rdacontent
=337  \\$acomputer$2rdamedia
=338  \\$aonline resource$2rdacarrier
=500  \\$aGOV.UK webpage first archived on July 17, 2023; ongoing.
=500  \\$aAt head of title: Collection.
=506  0\$aLegal Deposit;$cContains public sector information licensed under the Open Government Licence;$eThe Legal Deposit Libraries (Non-Print Works) Regulations (UK).$5Uk
=520  \\$aThe text of the Comprehensive and Progressive Agreement for Trans-Pacific Partnership (CPTPP) and associated documents.
=540  \\$aCopying and sharing of this resource is governed by the terms of the Open Government Licence and UK copyright law currently in force.$5Uk
=588  \\$aDescription based on GOV.UK webpage published July 17, 2023 (archived July 17, 2023).
=630  04$aComprehensive and Progressive Agreement for Trans-Pacific Partnership$d(2018 March 8)
=650  \7$aInternational trade.$2fast$0(OCoLC)fst00977128
=650  \7$aFree trade.$2fast$0(OCoLC)fst00933944
=650  \7$aForeign trade regulation.$2fast$0(OCoLC)fst00931923
=651  \7$aPacific Area.$2fast$0(OCoLC)fst01243504
=651  \7$aGreat Britain.$2fast$0(OCoLC)fst01204623
=655  \7$aWeb archives.$2fast$0(OCoLC)fst02008857
=690  7\$aOpen Government Licence Collection$2blcoll
=710  2\$aBritish Library,$ecollector.
=710  2\$aUK Web Archive,$ecollector.
=856  40$uhttps://www.webarchive.org.uk/wayback/en/archive/*/https://www.gov.uk/government/collections/the-uks-accession-to-the-comprehensive-and-progressive-agreement-for-trans-pacific-partnership-cptpp$yUK Web Archive
=859  \\$aXLD$bUK Web Archive
=CAT  \\$a3391$b40$c20230721$lBLL01$h1627
=LAS  \\$a3391$b40$c20230721$lBLL01$h1627

