=LDR  02598nai a2200517 i 4500
=001  021147690
=003  Uk
=005  20230724120104.0
=006  m\\\\\|\\d\|\\\\\\
=007  cr\|||||||||||
=008  090428c20189999enk||\w\o\\\\f0\\\a2eng\\
=FMT  \\$a  SE
=040  \\$aUk$beng$cUk$erda
=042  \\$aukblsr
=082  04$a353.60942$223
=110  1\$aGreat Britain.$bDepartment of Health & Social Care,$ecreator.
=245  10$aNHS public health functions agreements.
=246  3\$aNational Health Service public health functions agreements
=264  \1$a[London] :$bDepartment of Health and Social Care,$c8 February 2018-
=300  \\$a1 archived website
=336  \\$atext$2rdacontent
=337  \\$acomputer$2rdamedia
=338  \\$aonline resource$2rdacarrier
=500  \\$aGOV.UK webpage first archived on February 10, 2018; ongoing.
=500  \\$aAt head of title: Collection.
=506  0\$aLegal Deposit;$cContains public sector information licensed under the Open Government Licence;$eThe Legal Deposit Libraries (Non-Print Works) Regulations (UK).$5Uk
=520  \\$aAgreements setting out the outcomes to be achieved and the funding provided for NHS England to commission public health services.
=540  \\$aCopying and sharing of this resource is governed by the terms of the Open Government Licence and UK copyright law currently in force.$5Uk
=588  \\$aDescription based on GOV.UK webpage published February 22, 2023 (archived March 14, 2023).
=610  27$aNHS England$2fast$0(OCoLC)fst01974707
=650  \7$aMedical policy.$2fast$0(OCoLC)fst01014505
=650  \7$aPublic health.$2fast$0(OCoLC)fst01082238
=650  \7$aNational health services.$2fast$0(OCoLC)fst01033565
=651  \7$aEngland.$2fast$0(OCoLC)fst01219920
=655  \7$aWeb archives.$2fast$0(OCoLC)fst02008857
=690  7\$aOpen Government Licence Collection$2blcoll
=710  2\$aBritish Library,$ecollector.
=710  2\$aUK Web Archive,$ecollector.
=774  08$iContent to 2019/2020 issued in PDF:$tNHS public health functions agreement
=856  40$uhttps://www.webarchive.org.uk/wayback/en/archive/*/https://www.gov.uk/government/collections/nhs-public-health-functions-agreements$yUK Web Archive
=859  \\$aXLD$bUK Web Archive
=CAT  \\$a3391$b40$c20230721$lBLL01$h2207
=CAT  \\$a11279$b40$c20230724$lBLL01$h1201
=FIN  \\$aY$d20230724
=LKR  \\$aPAR$b017706958$lBLL01$r774$mNHS public health functions agreements.$nNHS public health functions agreement : public health functions to be exercised by NHS England.
=LAS  \\$a11279$b40$c20230724$lBLL01$h1201

