=LDR  02830nai a2200469 i 4500
=001  021147691
=003  Uk
=005  20230724111232.0
=006  m\\\\\|\\d\|\\\\\\
=007  cr\|||||||||||
=008  090428c20229999enk||\w\o\\\\f0\\\a2eng\\
=FMT  \\$a  SE
=040  \\$aUk$beng$cUk$erda
=042  \\$aukblsr
=082  04$a388.10941021$223
=110  1\$aGreat Britain.$bDepartment for Transport,$ecreator.
=245  10$aRoad lengths.
=264  \1$a[London] :$bDepartment for Transport,$c10 March 2022-
=300  \\$a1 archived website
=336  \\$atext$2rdacontent
=337  \\$acomputer$2rdamedia
=338  \\$aonline resource$2rdacarrier
=500  \\$aGOV.UK webpage first archived on March 10, 2022; ongoing.
=500  \\$aAt head of title: Collection.
=506  0\$aLegal Deposit;$cContains public sector information licensed under the Open Government Licence;$eThe Legal Deposit Libraries (Non-Print Works) Regulations (UK).$5Uk
=520  \\$aRoad length statistics provide estimates of the length of all roads maintained at public expense in Great Britain, by road category and region. Within these statistics, roads are classified as either "major" or "minor". Major roads include motorways and all class 'A' roads. These roads usually have high traffic flows and are often the main arteries to major destinations. Minor roads comprise 'B' and 'C' classified roads in addition to unclassified roads.In addition to road class, road lengths statistics are classified by urban and rural roads. Urban roads are major and minor roads that sit within a built up area, with a population of 10,000 or more in England and Wales or 3,000 or more in Scotland. Rural roads are major and minor roads outside urban areas.
=540  \\$aCopying and sharing of this resource is governed by the terms of the Open Government Licence and UK copyright law currently in force.$5Uk
=588  \\$aDescription based on GOV.UK webpage published March 10, 2022 (archived March 15, 2023).
=650  \7$aRoads$xStatistics.$2fast$0(OCoLC)fst01098819
=651  \7$aGreat Britain.$2fast$0(OCoLC)fst01204623
=655  \7$aWeb archives.$2fast$0(OCoLC)fst02008857
=690  7\$aOpen Government Licence Collection$2blcoll
=710  2\$aBritish Library,$ecollector.
=710  2\$aUK Web Archive,$ecollector.
=774  08$iReports to 2020 published in PDF:$tRoad lengths in Great Britain
=856  40$uhttps://www.webarchive.org.uk/wayback/en/archive/*/https://www.gov.uk/government/collections/road-lengths$yUK Web Archive
=859  \\$aXLD$bUK Web Archive
=CAT  \\$a3391$b40$c20230721$lBLL01$h2248
=CAT  \\$a11279$b40$c20230724$lBLL01$h1112
=FIN  \\$aY$d20230724
=LKR  \\$aPAR$b018500678$lBLL01$r774$mRoad lengths.$nRoad lengths in Great Britain.
=LAS  \\$a11279$b40$c20230724$lBLL01$h1112

