=LDR  02858nai a2200493 i 4500
=001  021149117
=003  Uk
=005  20230724214224.0
=006  m\\\\\|\\d\|\\\\\\
=007  cr\|||||||||||
=008  090428c20199999enk||\w\o\\\\f0\\\a2eng\\
=FMT  \\$a  SE
=040  \\$aUk$beng$cUk$erda
=042  \\$aukblsr
=082  04$a614.5420942021$223
=110  2\$aUK Health Security Agency,$ecreator.
=245  10$aTuberculosis in England :$bnational quarterly reports.
=246  1\$aTuberculosis in England :$bquarterly reports,$f2019-2021
=264  \1$a[London] :$bPublic Health England,$c[4 February 2019]-
=264  31$32021-$a[London] :$bUK Health Security Agency
=300  \\$a1 archived website
=336  \\$atext$2rdacontent
=337  \\$acomputer$2rdamedia
=338  \\$aonline resource$2rdacarrier
=500  \\$aGOV.UK webpage first archived on April 23, 2019; ongoing.
=500  \\$aAt head of title: Official statistics.
=506  0\$aLegal Deposit;$cContains public sector information licensed under the Open Government Licence;$eThe Legal Deposit Libraries (Non-Print Works) Regulations (UK).$5Uk
=520  \\$aThese reports present quarterly data on TB case notifications and key TB indicators made to the Enhanced Tuberculosis Surveillance system (ETS) by nurses, physicians, microbiologists and surveillance officers in England. Although data for the latest quarters is provisional and subject to revision, quarterly figures are released for the purpose of providing timely figures to inform the ongoing work to implement the TB Action Plan for England, 2021 to 2026.
=540  \\$aCopying and sharing of this resource is governed by the terms of the Open Government Licence and UK copyright law currently in force.$5Uk
=588  \\$aDescription based on GOV.UK webpage published April 27, 2023 (archived May 1, 2023).
=650  \7$aTuberculosis$xEpidemiology.$2fast$0(OCoLC)fst01158507
=651  \7$aEngland.$2fast$0(OCoLC)fst01219920
=655  \7$aStatistics.$2fast$0(OCoLC)fst01423727
=655  \7$aWeb archives.$2fast$0(OCoLC)fst02008857
=690  7\$aOpen Government Licence Collection$2blcoll
=710  2\$aPublic Health England,$ecreator.
=710  2\$aBritish Library,$ecollector.
=710  2\$aUK Web Archive,$ecollector.
=774  08$iReports on provisional data to 1 April 2022 to 30 June 2022 issued in PDF:$tTuberculosis in England national quarterly report
=856  40$uhttps://www.webarchive.org.uk/wayback/en/archive/*/https://www.gov.uk/government/statistics/tuberculosis-in-england-national-quarterly-reports$yUK Web Archive
=859  \\$aXLD$bUK Web Archive
=CAT  \\$a3391$b40$c20230724$lBLL01$h2142
=LKR  \\$aPAR$b020638714$lBLL01$r774$mTuberculosis in England : national quarterly reports.$nTuberculosis in England national quarterly report.
=LAS  \\$a3391$b40$c20230724$lBLL01$h2142

