=LDR  03235nai a2200517 i 4500
=001  021149215
=003  Uk
=005  20230725125505.0
=006  m\\\\\|\\d\|\\\\\\
=007  cr\|||||||||||
=008  090428c20139999enk||\w\o\\\\f0\\\a2eng\\
=FMT  \\$a  SE
=040  \\$aUk$beng$cUk$erda
=042  \\$aukblsr
=082  04$a338.10942021$223
=110  1\$aGreat Britain.$bDepartment for Environment, Food & Rural Affairs,$ecreator.
=245  10$aFarm practices survey.
=264  \1$a[London] :$bDepartment for Environment, Food & Rural Affairs,$c18 June 2013-
=300  \\$a1 archived website
=336  \\$atext$2rdacontent
=337  \\$acomputer$2rdamedia
=338  \\$aonline resource$2rdacarrier
=500  \\$aGOV.UK webpage first archived on November 10, 2013; ongoing.
=500  \\$aAt head of title: Collection.
=505  2\$aGreenhouse gas mitigation practices -- Cattle farm practices survey, 2019 -- Farm business practices, soil management and cattle housing, 2018 -- Prevention of livestock disease, 2014 -- Basic Payment Scheme and greening, 2014 -- Computer usage by farmers in England, 2012 -- Uplands farm survey 2012 (England).
=506  0\$aLegal Deposit;$cContains public sector information licensed under the Open Government Licence;$eThe Legal Deposit Libraries (Non-Print Works) Regulations (UK).$5Uk
=520  \\$aThis survey looks at how English farming practices are affected by current agricultural and environmental issues. The content of the survey is agreed each year in consultation with users to ensure the information collected remains relevant. Where there is demand the survey is run more frequently and topics are repeated allowing time series data to be built up and enabling comparisons to be made across different years. The topic timeline shows which topics have been asked on each survey.
=540  \\$aCopying and sharing of this resource is governed by the terms of the Open Government Licence and UK copyright law currently in force.$5Uk
=588  \\$aDescription based on GOV.UK webpage published May 26, 2022 (archived October 18, 2022).
=650  \7$aAgricultural systems.$2fast$0(OCoLC)fst00801317
=650  \7$aAgriculture$xEnvironmental aspects.$2fast$0(OCoLC)fst00801499
=650  \7$aGreenhouse gas mitigation.$2fast$0(OCoLC)fst00947703
=651  \7$aEngland.$2fast$0(OCoLC)fst01219920
=655  \7$aStatistics.$2fast$0(OCoLC)fst01423727
=655  \7$aWeb archives.$2fast$0(OCoLC)fst02008857
=690  7\$aOpen Government Licence Collection$2blcoll
=710  2\$aBritish Library,$ecollector.
=710  2\$aUK Web Archive,$ecollector.
=774  08$iTo February 2021 reports also issued in PDF:$tGreenhouse gas mitigation practices - England
=856  40$uhttps://www.webarchive.org.uk/wayback/en/archive/*/https://www.gov.uk/government/collections/farm-practices-survey$yUK Web Archive
=859  \\$aXLD$bUK Web Archive
=CAT  \\$a3391$b40$c20230725$lBLL01$h1244
=CAT  \\$a3391$b40$c20230725$lBLL01$h1255
=FIN  \\$aY$d20230725
=LKR  \\$aPAR$b018559198$lBLL01$r774$mFarm practices survey.$nGreenhouse gas mitigation practices - England : Farm practices survey ... and Farm business survey ...
=LAS  \\$a3391$b40$c20230725$lBLL01$h1255

