=LDR  02589nai a2200517 i 4500
=001  021152985
=003  Uk
=005  20230801134814.0
=006  m\\\\\|\\d\|\\\\\\
=007  cr\|||||||||||
=008  090428c20139999enk||\w\o\\\\f0\\\a2eng\\
=FMT  \\$a  SE
=040  \\$aUk$beng$cUk$dUk$erda
=042  \\$aukblsr
=082  04$a336.276$223
=110  1\$aGreat Britain.$bHM Revenue & Customs,$ecreator.
=245  10$aTrusts statistics.
=264  \1$a[London] :$bHM Revenue & Customs,$c1 August 2013-
=300  \\$a1 archived website
=336  \\$atext$2rdacontent
=337  \\$acomputer$2rdamedia
=338  \\$aonline resource$2rdacarrier
=500  \\$aGOV.UK webpage first archived on December 22, 2013; ongoing.
=500  \\$aAt head of title: Collection.
=506  0\$aLegal Deposit;$cContains public sector information licensed under the Open Government Licence;$eThe Legal Deposit Libraries (Non-Print Works) Regulations (UK).$5Uk
=520  \\$aThese figures show the number of UK Family Trusts and estates which make a full Self Assessment return, their income, and tax paid using receipts information from HMRC's administrative systems. The figures are updated annually.
=540  \\$aCopying and sharing of this resource is governed by the terms of the Open Government Licence and UK copyright law currently in force.$5Uk
=588  \\$aDescription based on GOV.UK webpage published January 18, 2023 (archived March 30, 2023).
=650  \7$aTrusts and trustees$xTaxation.$2fast$0(OCoLC)fst01158213
=651  \7$aGreat Britain.$2fast$0(OCoLC)fst01204623
=655  \7$aStatistics.$2fast$0(OCoLC)fst01423727
=655  \7$aWeb archives.$2fast$0(OCoLC)fst02008857
=690  7\$aOpen Government Licence Collection$2blcoll
=710  2\$aBritish Library,$ecollector.
=710  2\$aUK Web Archive,$ecollector.
=740  02$aStatistics on trusts in the UK
=774  08$iReports to October 2020 published in PDF:$tTrusts statistics
=856  40$uhttps://www.webarchive.org.uk/wayback/en/archive/*/https://www.gov.uk/government/collections/trusts-statistics--2$yUK Web Archive
=859  \\$aXLD$bUK Web Archive
=CAT  \\$a3391$b40$c20230727$lBLL01$h1501
=CAT  \\$a3391$b40$c20230727$lBLL01$h1502
=CAT  \\$a3391$b40$c20230727$lBLL01$h1556
=CAT  \\$a3072$b40$c20230801$lBLL01$h1348
=FIN  \\$aY$d20230727
=LKR  \\$aPAR$b017461932$lBLL01$r774$mTrusts statistics.$nTrusts statistics : number of trusts making self assessment returns, total tax paid by trusts and total income by type of trust /
=LAS  \\$a3072$b40$c20230801$lBLL01$h1348

