=LDR  02677nai a2200517 i 4500
=001  021153059
=003  Uk
=005  20230727182215.0
=006  m\\\\\|\\d\|\\\\\\
=007  cr\|||||||||||
=008  090428c20129999enk||\w\o\\\\f0\\\a2eng\\
=FMT  \\$a  SE
=040  \\$aUk$beng$cUk$erda
=042  \\$aukblsr
=082  04$a352.440941$223
=110  1\$aGreat Britain.$bHM Revenue & Customs,$ecreator.
=245  10$aMeasuring tax gaps ... edition :$btax gap estimates for ... .
=247  10$aMeasuring tax gaps$f2012-2021
=264  \1$a[London] :$bHM Revenue & Customs,$c[18 October 2012]-
=300  \\$a1 archived website
=336  \\$atext$2rdacontent
=337  \\$acomputer$2rdamedia
=338  \\$aonline resource$2rdacarrier
=500  \\$aGOV.UK webpage first archived on August 3, 2014; ongoing.
=500  \\$aAt head of title: Official statistics.
=506  0\$aLegal Deposit;$cContains public sector information licensed under the Open Government Licence;$eThe Legal Deposit Libraries (Non-Print Works) Regulations (UK).$5Uk
=520  \\$aThis report provides an estimate of the tax gap across all taxes and duties administered by HMRC. The tax gap is the difference between the amount of tax that should, in theory, be paid to HMRC, and what is actually paid.
=540  \\$aCopying and sharing of this resource is governed by the terms of the Open Government Licence and UK copyright law currently in force.$5Uk
=588  \\$aDescription based on GOV.UK webpage published June 22, 2023 (archived June 22, 2023).
=650  \7$aTax evasion.$2fast$0(OCoLC)fst01143749
=650  \7$aTax auditing.$2fast$0(OCoLC)fst01143693
=651  \7$aGreat Britain.$2fast$0(OCoLC)fst01204623
=655  \7$aStatistics.$2fast$0(OCoLC)fst01423727
=655  \7$aWeb archives.$2fast$0(OCoLC)fst02008857
=690  7\$aOpen Government Licence Collection$2blcoll
=710  2\$aBritish Library,$ecollector.
=710  2\$aUK Web Archive,$ecollector.
=774  08$iReports to 2020 published in PDF:$tMeasuring tax gaps
=774  08$iMethodological annexes to 2020 published in PDF:$tMeasuring tax gaps. Methodological annex
=856  40$uhttps://www.webarchive.org.uk/wayback/en/archive/*/https://www.gov.uk/government/statistics/measuring-tax-gaps$yUK Web Archive
=859  \\$aXLD$bUK Web Archive
=CAT  \\$a3391$b40$c20230727$lBLL01$h1822
=FIN  \\$aY$d20230727
=LKR  \\$aPAR$b016897472$lBLL01$r774$mMeasuring tax gaps ... edition : tax gap estimates for ... .$nMeasuring tax gaps.
=LKR  \\$aPAR$b016897484$lBLL01$r774$mMeasuring tax gaps ... edition : tax gap estimates for ... .$nMeasuring tax gaps.
=LAS  \\$a3391$b40$c20230727$lBLL01$h1822

