=LDR  03255cai a2200541 i 4500
=001  021153296
=003  Uk
=005  20230805123104.0
=006  m\\\\\|\\d\|\\\\\\
=007  cr\|||||||||||
=008  090428c20219999enk||\w\o\\\\f0\\\a2eng\\
=FMT  \\$a  SE
=040  \\$aUk$beng$cUk$erda
=041  \\$aeng$awel
=042  \\$aukblsr
=082  04$a365.660942$223
=110  1\$aGreat Britain.$bMinistry of Justice,$ecreator.
=245  10$aOASys Sexual reoffending Predictor (OSP) Policy Framework.
=247  10$aImplementation and use of OASys Sexual reoffending Predictor (OSP) Policy Framework$f2021-2023
=264  \1$a[London] :$bMinistry of Justice and HM Prison and Probation Service,$c27 January 2021-
=300  \\$a1 archived website
=336  \\$atext$2rdacontent
=337  \\$acomputer$2rdamedia
=338  \\$aonline resource$2rdacarrier
=500  \\$aGOV.UK webpage first archived on January 28, 2021; ongoing.
=500  \\$aAt head of title: Guidance.
=506  0\$aLegal Deposit;$cContains public sector information licensed under the Open Government Licence;$eThe Legal Deposit Libraries (Non-Print Works) Regulations (UK).$5Uk
=520  \\$aThis Policy Framework sets out the arrangements, mandatory requirements, and general guidance for use of the OASys Sexual reoffending Predictor (OSP). OSP replaced Risk Matrix 2000 as the HMPPS actuarial risk assessment tool for adult males convicted of sexual/sexually motivated offences from 1 March 2021. HMPPS plays a vital role in protecting the public from those who pose a risk of sexual offending. Effective risk assessment is a critical part of this process and informs the way in which we manage the risk of harm posed by such individuals. In addition to strengthening risk assessment, OSP will also support more effective risk management and responsive sentence planning for those who pose a risk of sexual harm.
=540  \\$aCopying and sharing of this resource is governed by the terms of the Open Government Licence and UK copyright law currently in force.$5Uk
=546  \\$aIncludes documents in Welsh.
=588  \\$aDescription based on GOV.UK webpage published July 27, 2023 (archived August 4, 2023).
=650  \7$aSex offenders$xServices for.$2fast$0(OCoLC)fst01114583
=650  \7$aRecidivism$xForecasting.$2fast$0(OCoLC)fst01091367
=651  \7$aEngland.$2fast$0(OCoLC)fst01219920
=651  \7$aWales.$2fast$0(OCoLC)fst01207649
=655  \7$aWeb archives.$2fast$0(OCoLC)fst02008857
=690  7\$aOpen Government Licence Collection$2blcoll
=710  1\$aGreat Britain.$bHer Majesty's Prison and Probation Service,$ecreator.
=710  1\$aGreat Britain.$bHis Majesty's Prison and Probation Service,$ecreator.
=710  2\$aBritish Library,$ecollector.
=710  2\$aUK Web Archive,$ecollector.
=856  40$uhttps://www.webarchive.org.uk/wayback/en/archive/*/https://www.gov.uk/government/publications/implementation-and-use-of-oasys-sexual-reoffending-predictor-osp-policy-framework$yUK Web Archive
=859  \\$aXLD$bUK Web Archive
=CAT  \\$a3391$b40$c20230728$lBLL01$h1914
=CAT  \\$a3391$b40$c20230729$lBLL01$h1442
=CAT  \\$a3391$b40$c20230805$lBLL01$h1231
=FIN  \\$aY$d20230805
=LAS  \\$a3391$b40$c20230805$lBLL01$h1231

