=LDR  02515nai a2200517 i 4500
=001  021153710
=003  Uk
=005  20230729144127.0
=006  m\\\\\|\\d\|\\\\\\
=007  cr\|||||||||||
=008  090428c20139999enk||\w\o\\\\f0\\\a2eng\\
=FMT  \\$a  SE
=040  \\$aUk$beng$cUk$erda
=042  \\$aukblsr
=082  04$a386.09422$223
=110  1\$aGreat Britain.$bEnvironment Agency,$ecreator.
=245  10$aRiver Thames :$bcustomer charter.
=264  \1$a[Rotherham] :$bEnvironment Agency,$c[17 May 2013]-
=300  \\$a1 archived website
=336  \\$atext$2rdacontent
=337  \\$acomputer$2rdamedia
=338  \\$aonline resource$2rdacarrier
=500  \\$aGOV.UK webpage first archived on July 27, 2014; ongoing.
=500  \\$aAt head of title: Corporate report.
=506  0\$aLegal Deposit;$cContains public sector information licensed under the Open Government Licence;$eThe Legal Deposit Libraries (Non-Print Works) Regulations (UK).$5Uk
=520  \\$aExplanation of the service the Environment Agency will provide to people using the River Thames.
=540  \\$aCopying and sharing of this resource is governed by the terms of the Open Government Licence and UK copyright law currently in force.$5Uk
=588  \\$aDescription based on GOV.UK webpage published March 31, 2022 (archived April 6, 2023).
=650  \7$aWaterways$xManagement.$2fast$0(OCoLC)fst01172790
=650  \7$aCustomer services.$2fast$0(OCoLC)fst00885545
=651  \7$aEngland$zThames River.$2fast$0(OCoLC)fst1239979
=655  \7$aWeb archives.$2fast$0(OCoLC)fst02008857
=690  7\$aOpen Government Licence Collection$2blcoll
=710  2\$aBritish Library,$ecollector.
=710  2\$aUK Web Archive,$ecollector.
=774  08$iContent to 2018/19 published in PDF:$tRiver Thames waterways customer charter
=856  40$uhttps://www.webarchive.org.uk/wayback/en/archive/*/https://www.gov.uk/government/publications/river-thames-customer-charter$yUK Web Archive
=859  \\$aXLD$bUK Web Archive
=CAT  \\$a3391$b40$c20230729$lBLL01$h1352
=CAT  \\$a3391$b40$c20230729$lBLL01$h1354
=CAT  \\$a3391$b40$c20230729$lBLL01$h1356
=CAT  \\$a3391$b40$c20230729$lBLL01$h1440
=CAT  \\$a3391$b40$c20230729$lBLL01$h1441
=FIN  \\$aY$d20230729
=LKR  \\$aPAR$b018112116$lBLL01$r774$mRiver Thames : customer charter.$nRiver Thames waterways customer charter : our service for navigation customers on the River Thames from Cricklade to Teddington /
=LAS  \\$a3391$b40$c20230729$lBLL01$h1441

