=LDR  02844cai a2200541 i 4500
=001  021153711
=003  Uk
=005  20230805122334.0
=006  m\\\\\|\\d\|\\\\\\
=007  cr\|||||||||||
=008  090428c20159999enk||\w\o\\\\f0\\\a2eng\\
=FMT  \\$a  SE
=040  \\$aUk$beng$cUk$erda
=042  \\$aukblsr
=082  04$a371.2060942$223
=110  1\$aGreat Britain.$bEducation & Skills Funding Agency,$ecreator.
=245  10$aConsistent financial reporting (CFR) framework.
=247  10$aConsistent financial reporting framework$f2015-2016
=264  \1$a[London] :$bEducation Funding Agency,$c21 April 2015-
=264  31$32018-$a[London] :$bEducation and Skills Funding Agency
=300  \\$a1 archived website
=336  \\$atext$2rdacontent
=337  \\$acomputer$2rdamedia
=338  \\$aonline resource$2rdacarrier
=500  \\$aGOV.UK webpage first archived on October 2, 2015; ongoing.
=500  \\$aAt head of title: Guidance.
=506  0\$aLegal Deposit;$cContains public sector information licensed under the Open Government Licence;$eThe Legal Deposit Libraries (Non-Print Works) Regulations (UK).$5Uk
=520  \\$aThe consistent financial reporting (CFR) framework provides a standard template for schools to collect information about their income and expenditure by financial years, which maintained schools provide to their local authorities in a financial statement each year.
=540  \\$aCopying and sharing of this resource is governed by the terms of the Open Government Licence and UK copyright law currently in force.$5Uk
=588  \\$aDescription based on GOV.UK webpage published March 29, 2023 (archived August 4, 2023).
=650  \7$aEducation$xFinance.$2fast$0(OCoLC)fst00902637
=650  \7$aEducational accountability.$2fast$0(OCoLC)fst00903326
=651  \7$aEngland.$2fast$0(OCoLC)fst01219920
=655  \7$aWeb archives.$2fast$0(OCoLC)fst02008857
=690  7\$aOpen Government Licence Collection$2blcoll
=710  1\$aGreat Britain.$bEducation Funding Agency,$ecreator.
=710  2\$aBritish Library,$ecollector.
=710  2\$aUK Web Archive,$ecollector.
=774  08$iContent to 2017/18 issued in PDF:$tConsistent financial reporting framework
=856  40$uhttps://www.webarchive.org.uk/wayback/en/archive/*/https://www.gov.uk/guidance/consistent-financial-reporting-framework-cfr$yUK Web Archive
=859  \\$aXLD$bUK Web Archive
=CAT  \\$a3391$b40$c20230729$lBLL01$h1527
=CAT  \\$a3391$b40$c20230729$lBLL01$h1529
=CAT  \\$a3391$b40$c20230729$lBLL01$h1539
=CAT  \\$a3391$b40$c20230805$lBLL01$h1223
=FIN  \\$aY$d20230805
=LKR  \\$aPAR$b018644680$lBLL01$r774$mConsistent financial reporting (CFR) framework$nConsistent financial reporting framework : departmental advice for schools and local authorities
=LAS  \\$a3391$b40$c20230805$lBLL01$h1223

