=LDR  04594cai a2200601 i 4500
=001  021154196
=003  Uk
=005  20230828181427.0
=006  m\\\\\|\\d\|\\\\\\
=007  cr\|||||||||||
=008  090428c20139999enk||\w\o\\\\f0\\\a2eng\\
=FMT  \\$a  SE
=040  \\$aUk$beng$cUk$erda
=042  \\$aukblsr
=082  04$a362.5920942$223
=110  1\$aGreat Britain.$bDepartment for Levelling Up, Housing & Communities,$ecreator.
=245  10$aHomelessness statistics.
=264  \1$a[London] :$bDepartment for Communities and Local Government,$c13 September 2013-
=264  21$32018-2021$a[London] :$bMinistry of Housing, Communities and Local Government
=264  31$32021-$a[London] :$bDepartment for Levelling Up, Housing and Communities and Ministry of Housing, Communities & Local Government
=300  \\$a1 archived website
=336  \\$atext$2rdacontent
=337  \\$acomputer$2rdamedia
=338  \\$aonline resource$2rdacarrier
=500  \\$aGOV.UK webpage first archived on November 9, 2013; ongoing.
=500  \\$aAt head of title: Collection.
=505  2\$aStatutory homelessness in England, 2018- -- Statutory homelessness and homelessness prevention and relief, 2016-2018 -- Statutory homelessness in England, 2014-2015 -- Homelessness prevention and relief, 2008/09-2014/15 -- Rough sleeping snapshot in England, 2019- -- Rough sleeping in England, 2010-2018 -- Support for people sleeping rough in England, 2022-
=506  0\$aLegal Deposit;$cContains public sector information licensed under the Open Government Licence;$eThe Legal Deposit Libraries (Non-Print Works) Regulations (UK).$5Uk
=520  \\$aThe collection includes Statutory homelessness statistics, which provide quarterly information about those who local authorities have a duty to accommodate as they are homeless through no fault of their own, eligible for assistance, and have a 'priority need'. This primarily includes those with children or a vulnerability, including disability or mental ill-health. It also includes information about new statutory duties created by the Homelessness Reduction Act to try and prevent and relieve homelessness for single people, regardless of priority need, or intentional homelessness. It also contains Rough sleeping snapshot statistics, about people sleeping rough on a single night in autumn each year. These statistics provide a way of estimating the number of people sleeping rough across England on a single night and assessing change over time. Finally, Rough sleeping management information is about the support for people sleeping rough. This quarterly information provides a fuller picture of the dynamic and seasonal nature of rough sleeping, and illustrates the work done by local authorities to provide a pathway off the streets and into long-term accommodation.
=540  \\$aCopying and sharing of this resource is governed by the terms of the Open Government Licence and UK copyright law currently in force.$5Uk
=588  \\$aDescription based on GOV.UK webpage published July 25, 2023 (archived July 25, 2023).
=650  \7$aHomeless persons$xServices for.$2fast$0(OCoLC)fst00959479
=650  \7$aHomelessness$xPrevention.$2fast$0(OCoLC)fst00959560
=651  \7$aEngland.$2fast$0(OCoLC)fst01219920
=655  \7$aStatistics.$2fast$0(OCoLC)fst01423727
=655  \7$aWeb archives.$2fast$0(OCoLC)fst02008857
=690  7\$aOpen Government Licence Collection$2blcoll
=710  1\$aGreat Britain.$bMinistry of Housing, Communities and Local Government,$ecreator.
=710  1\$aGreat Britain.$bDepartment for Communities and Local Government,$ecreator.
=710  2\$aBritish Library,$ecollector.
=710  2\$aUK Web Archive,$ecollector.
=740  02$aRough sleeping snapshot in England.
=740  02$aSupport for people sleeping rough in England.
=774  08$iQuarterly bulletins to April/June 2022 published in PDF:$tStatutory homelessness. England
=774  08$iReports to Autumn 2018 published in PDF:$tRough sleeping statistics, England
=856  40$uhttps://www.webarchive.org.uk/wayback/en/archive/*/https://www.gov.uk/government/collections/homelessness-statistics$yUK Web Archive
=859  \\$aXLD$bUK Web Archive
=CAT  \\$a3391$b40$c20230729$lBLL01$h1742
=CAT  \\$a3391$b40$c20230828$lBLL01$h1814
=FIN  \\$aY$d20230729
=LKR  \\$aPAR$b020029063$lBLL01$r774$mHomelessness statistics.$nStatutory homelessness.
=LKR  \\$aPAR$b016324273$lBLL01$r774$mHomelessness statistics.$nRough sleeping statistics, England : experimental statistics.
=LAS  \\$a3391$b40$c20230828$lBLL01$h1814

