=LDR  02532nai a2200493 i 4500
=001  021163461
=003  Uk
=005  20230805121650.0
=006  m\\\\\|\\d\|\\\\\\
=007  cr\|||||||||||
=008  090428c20149999enk||\w\o\\\\f0\\\a2eng\\
=FMT  \\$a  SE
=040  \\$aUk$beng$cUk$erda
=042  \\$aukblsr
=082  04$a373.12060942$223
=110  1\$aGreat Britain.$bEducation & Skills Funding Agency,$ecreator.
=245  10$aAcademies revenue funding allocations.
=264  \1$a[London] :$bEducation Funding Agency.$c[11 March 2014]-
=264  31$32018-$a[London] :$bEducation and Skills Funding Agency
=300  \\$a1 archived website
=336  \\$atext$2rdacontent
=337  \\$acomputer$2rdamedia
=338  \\$aonline resource$2rdacarrier
=500  \\$aGOV.UK webpage first archived on October 4, 2015; ongoing.
=500  \\$aAt head of title: Guidance.
=506  0\$aLegal Deposit;$cContains public sector information licensed under the Open Government Licence;$eThe Legal Deposit Libraries (Non-Print Works) Regulations (UK).$5Uk
=520  \\$aThe Education and Skills Funding Agency (ESFA), formerly the Education Funding Agency, funds academies (including free schools, university technical colleges and special academies) on the same basis as maintained schools.They base allocations and payments to academies on an academic year, compared with financial year for maintained schools.
=540  \\$aCopying and sharing of this resource is governed by the terms of the Open Government Licence and UK copyright law currently in force.$5Uk
=588  \\$aDescription based on GOV.UK webpage published April 24, 2023 (archived August 4, 2023).
=650  \7$aAcademies (British public schools)$2fast$0(OCoLC)fst01762915
=650  \7$aPublic schools$xFinance.$2fast$0(OCoLC)fst01906287
=650  \7$aFree schools$xFinance.$2fast$0(OCoLC)fst00933930
=651  \7$aEngland.$2fast$0(OCoLC)fst01219920
=655  \7$aWeb archives.$2fast$0(OCoLC)fst02008857
=690  7\$aOpen Government Licence Collection$2blcoll
=710  1\$aGreat Britain.$bEducation Funding Agency,$ecreator.
=710  2\$aBritish Library,$ecollector.
=710  2\$aUK Web Archive,$ecollector.
=856  40$uhttps://www.webarchive.org.uk/wayback/en/archive/*/https://www.gov.uk/guidance/academies-funding-allocations$yUK Web Archive
=859  \\$aXLD$bUK Web Archive
=CAT  \\$a3391$b40$c20230803$lBLL01$h1841
=CAT  \\$a3391$b40$c20230805$lBLL01$h1216
=FIN  \\$aY$d20230803
=LAS  \\$a3391$b40$c20230805$lBLL01$h1216

