=LDR  02471nai a2200505 i 4500
=001  021164663
=003  Uk
=005  20230804214338.0
=006  m\\\\\|\\d\|\\\\\\
=007  cr\|||||||||||
=008  090428c20149999enk||\w\o\\\\f0\\\a2eng\\
=FMT  \\$a  SE
=040  \\$aUk$beng$cUk$erda
=042  \\$aukblsr
=082  04$a362.4086970941021$223
=110  1\$aGreat Britain.$bMinistry of Defence,$ecreator.
=245  10$aUK service personnel amputation statistics :$bindex
=264  \1$a[London] :$bMinistry of Defence,$c25 February 2014-
=300  \\$a1 archived website
=336  \\$atext$2rdacontent
=337  \\$acomputer$2rdamedia
=338  \\$aonline resource$2rdacarrier
=500  \\$aGOV.UK webpage first archived on April 30, 2014; ongoing.
=500  \\$aAt head of title: Collection.
=506  0\$aLegal Deposit;$cContains public sector information licensed under the Open Government Licence;$eThe Legal Deposit Libraries (Non-Print Works) Regulations (UK).$5Uk
=520  \\$aStatistics on UK service personnel who suffered a traumatic or surgical amputation, including those sustained in Afghanistan or Iraq.
=540  \\$aCopying and sharing of this resource is governed by the terms of the Open Government Licence and UK copyright law currently in force.$5Uk
=588  \\$aDescription based on GOV.UK webpage published July 27, 2023 (archived July 27, 2023).
=647  \7$aAfghan War$d(2001-2021)$0(OCoLC)fst01695175$2fast
=647  \7$aIraq War$d(2003-2011)$0(OCoLC)fst01802311$2fast
=650  \7$aDisabled veterans.$2fast$0(OCoLC)fst00894659
=650  \7$aAmputees.$2fast$0(OCoLC)fst00894659
=651  \7$aGreat Britain.$2fast$0(OCoLC)fst01204623
=655  \7$aStatistics.$2fast$0(OCoLC)fst01423727
=655  \7$aWeb archives.$2fast$0(OCoLC)fst02008857
=690  7\$aOpen Government Licence Collection$2blcoll
=710  2\$aBritish Library,$ecollector.
=710  2\$aUK Web Archive,$ecollector.
=774  08$iStatistical reports to 2014/2019 published in PDF:$tAmputation statistics
=856  40$uhttps://www.webarchive.org.uk/wayback/en/archive/*/https://www.gov.uk/government/collections/uk-service-personnel-amputation-statistics-index$yUK Web Archive
=859  \\$aXLD$bUK Web Archive
=CAT  \\$a3391$b40$c20230804$lBLL01$h2143
=FIN  \\$aY$d20230804
=LKR  \\$aPAR$b019224235$lBLL01$r774$mUK service personnel amputation statistics : index$nAmputation statistics.
=LAS  \\$a3391$b40$c20230804$lBLL01$h2143

