=LDR  03249cai a2200589 i 4500
=001  021164664
=003  Uk
=005  20230909190920.0
=006  m\\\\\|\\d\|\\\\\\
=007  cr\|||||||||||
=008  090428c20139999enk||\w\o\\\\f0\\\a2eng\\
=FMT  \\$a  SE
=040  \\$aUk$beng$cUk$erda
=042  \\$aukblsr
=082  04$a333.790941021$223
=110  1\$aGreat Britain.$bDepartment for Energy Security and Net Zero,$ecreator.
=245  10$aDigest of UK energy statistics.
=246  3\$aDUKES
=246  3\$aDigest of United Kingdom energy statistics
=264  \1$a[London] :$bDepartment of Energy & Climate Change,$c25 July 2013-
=264  21$32016-2022$a[London] :$bDepartment for Business, Energy & Industrial Strategy
=264  31$32023-$a[London] :$bDepartment for Energy Security and Net Zero and Department for Business, Energy & Industrial Strategy
=300  \\$a1 archived website
=336  \\$atext$2rdacontent
=337  \\$acomputer$2rdamedia
=338  \\$aonline resource$2rdacarrier
=500  \\$aGOV.UK webpage first archived on November 9, 2013; ongoing.
=500  \\$aAt head of title: Collection.
=506  0\$aLegal Deposit;$cContains public sector information licensed under the Open Government Licence;$eThe Legal Deposit Libraries (Non-Print Works) Regulations (UK).$5Uk
=520  \\$aThe digest, sometimes known as DUKES, is an essential source of energy information. It contains: extensive tables, charts and commentary; separate sections on coal, petroleum, gas, electricity, renewables and combined heat and power; a comprehensive picture of energy production and use over the last 5 years, with key series taken back to 1970.
=540  \\$aCopying and sharing of this resource is governed by the terms of the Open Government Licence and UK copyright law currently in force.$5Uk
=588  \\$aDescription based on GOV.UK webpage published July 27, 2023 (archived August 4, 2023).
=650  \7$aEnergy consumption$xStatistics.$2fast$0(OCoLC)fst00910019
=650  \7$aEnergy industries$xStatistics.$2fast$0(OCoLC)fst00910174
=651  \7$aGreat Britain.$2fast$0(OCoLC)fst01204623
=655  \7$aWeb archives.$2fast$0(OCoLC)fst02008857
=690  7\$aOpen Government Licence Collection$2blcoll
=710  1\$aGreat Britain.$bDepartment for Business, Energy & Industrial Strategy,$ecreator.
=710  1\$aGreat Britain.$bDepartment of Energy and Climate Change,$ecreator.
=710  2\$aBritish Library,$ecollector.
=710  2\$aUK Web Archive,$ecollector.
=774  08$iTo 2022 content also available as a single PDF:$tDigest of UK energy statistics$x2756-1054
=856  40$uhttps://www.webarchive.org.uk/wayback/en/archive/*/https://www.gov.uk/government/collections/digest-of-uk-energy-statistics-dukes$yUK Web Archive
=859  \\$aXLD$bUK Web Archive
=CAT  \\$a3391$b40$c20230804$lBLL01$h2344
=CAT  \\$a3391$b40$c20230809$lBLL01$h1535
=CAT  \\$a11279$b40$c20230824$lBLL01$h1532
=CAT  \\$a3391$b40$c20230828$lBLL01$h1813
=CAT  \\$a3391$b40$c20230909$lBLL01$h1909
=FIN  \\$aY$d20230804
=LKR  \\$aPAR$b020153042$lBLL01$r774$mDigest of UK energy statistics.$nDigest of United Kingdom energy statistics (Online)
=LAS  \\$a3391$b40$c20230909$lBLL01$h1909

