=LDR  02999cai a2200553 i 4500
=001  021164665
=003  Uk
=005  20230919172454.0
=006  m\\\\\|\\d\|\\\\\\
=007  cr\|||||||||||
=008  090428c20139999enk||\w\o\\\\f0\\\a2eng\\
=FMT  \\$a  SE
=040  \\$aUk$beng$cUk$erda
=042  \\$aukblsr
=082  04$a314.2091734$223
=110  1\$aGreat Britain.$bDepartment for Environment, Food & Rural Affairs,$ecreator.
=245  10$aStatistical digest of rural England.
=264  \1$a[London] :$bDepartment for Environment, Food & Rural Affairs,$c12 September 2013-
=300  \\$a1 archived website
=336  \\$atext$2rdacontent
=337  \\$acomputer$2rdamedia
=338  \\$aonline resource$2rdacarrier
=500  \\$aGOV.UK webpage first archived on November 8, 2013; ongoing.
=500  \\$aAt head of title: Collection.
=505  0\$aA-Z Index -- Key Findings -- Population -- Housing -- Health and Wellbeing -- Communities and Households -- Connectivity and Accessibility -- Education, Qualifications and Training -- Rural Economic Bulletin.
=506  0\$aLegal Deposit;$cContains public sector information licensed under the Open Government Licence;$eThe Legal Deposit Libraries (Non-Print Works) Regulations (UK).$5Uk
=520  \\$aThe Statistical Digest of Rural England is a collection of statistics on a range of social and economic topics and provides broad comparisons between Rural and Urban areas by settlement type.
=540  \\$aCopying and sharing of this resource is governed by the terms of the Open Government Licence and UK copyright law currently in force.$5Uk
=588  \\$aDescription based on GOV.UK webpage published July 18, 2023 (archived August 5, 2023).
=650  \7$aRural conditions.$2fast$0(OCoLC)fst01101474
=650  \7$aRural development.$2fast$0(OCoLC)fst01101498
=651  \7$aEngland.$2fast$0(OCoLC)fst01219920
=655  \7$aStatistics.$2fast$0(OCoLC)fst01423727
=655  \7$aWeb archives.$2fast$0(OCoLC)fst02008857
=690  7\$aOpen Government Licence Collection$2blcoll
=710  2\$aBritish Library,$ecollector.
=710  2\$aUK Web Archive,$ecollector.
=774  08$iIssues to 2022 also available in PDF:$tStatistical digest of rural England
=774  08$iIssues to September 2022 also available in PDF:$tRural economic bulletin
=856  40$uhttps://www.webarchive.org.uk/wayback/en/archive/*/https://www.gov.uk/government/collections/statistical-digest-of-rural-england$yUK Web Archive
=859  \\$aXLD$bUK Web Archive
=CAT  \\$a3391$b40$c20230805$lBLL01$h0046
=CAT  \\$a3391$b40$c20230805$lBLL01$h0047
=CAT  \\$a3391$b40$c20230824$lBLL01$h1739
=CAT  \\$a11279$b40$c20230919$lBLL01$h1724
=FIN  \\$aY$d20230805
=LKR  \\$aPAR$b016796309$lBLL01$r774$mStatistical digest of rural England.$nStatistical digest of rural England /
=LKR  \\$aPAR$b018692565$lBLL01$r774$mStatistical digest of rural England.$nRural economic bulletin /
=LAS  \\$a11279$b40$c20230919$lBLL01$h1724

