=LDR  02256nai a2200445 i 4500
=001  021164998
=003  Uk
=005  20230805105556.0
=006  m\\\\\|\\d\|\\\\\\
=007  cr\|||||||||||
=008  090428c20239999enk||\w\o\\\\f0\\\a2eng\\
=FMT  \\$a  SE
=040  \\$aUk$beng$cUk$erda
=042  \\$aukblsr
=082  04$a363.583$223
=110  1\$aGreat Britain.$bDepartment for Energy Security and Net Zero,$ecreator.
=245  10$aWarm Home Discount statistics.
=264  \1$a[London] :$bDepartment for Energy Security and Net Zero,$c28 July 2023-
=300  \\$a1 archived website
=336  \\$atext$2rdacontent
=337  \\$acomputer$2rdamedia
=338  \\$aonline resource$2rdacarrier
=500  \\$aGOV.UK webpage first archived on July 28, 2023; ongoing.
=500  \\$aAt head of title: Collection.
=506  0\$aLegal Deposit;$cContains public sector information licensed under the Open Government Licence;$eThe Legal Deposit Libraries (Non-Print Works) Regulations (UK).$5Uk
=520  \\$aThe Warm Home Discount scheme requires large domestic energy suppliers to provide an annual discount of £150 to eligible households. These statistics report the number and type of households receiving rebates. This includes analysis of the share of households by: region; dwelling type; and type of household.
=540  \\$aCopying and sharing of this resource is governed by the terms of the Open Government Licence and UK copyright law currently in force.$5Uk
=588  \\$aDescription based on GOV.UK webpage published July 28, 2023 (archived July 28, 2023).
=650  \7$aPoor$xEnergy assistance.$2fast$0(OCoLC)fst01071065
=651  \7$aGreat Britain.$2fast$0(OCoLC)fst01204623
=655  \7$aStatistics.$2fast$0(OCoLC)fst01423727
=655  \7$aWeb archives.$2fast$0(OCoLC)fst02008857
=690  7\$aOpen Government Licence Collection$2blcoll
=710  2\$aBritish Library,$ecollector.
=710  2\$aUK Web Archive,$ecollector.
=856  40$uhttps://www.webarchive.org.uk/wayback/en/archive/*/https://www.gov.uk/government/collections/warm-home-discount-statistics$yUK Web Archive
=859  \\$aXLD$bUK Web Archive
=CAT  \\$a3391$b40$c20230805$lBLL01$h1055
=FIN  \\$aY$d20230805
=LAS  \\$a3391$b40$c20230805$lBLL01$h1055

