=LDR  02472nai a2200505 i 4500
=001  021164999
=003  Uk
=005  20230805121148.0
=006  m\\\\\|\\d\|\\\\\\
=007  cr\|||||||||||
=008  090428c20149999enk||\w\o\\\\f0\\\a2eng\\
=FMT  \\$a  SE
=040  \\$aUk$beng$cUk$erda
=042  \\$aukblsr
=082  04$a362.7120942$223
=110  1\$aGreat Britain.$bOffice for Standards in Education, Children's Services and Skills (England)$ecreator.
=245  10$aEarly years and childcare statistics.
=264  \1$a[London] :$bOfsted,$c12 December 2014-
=300  \\$a1 archived website
=336  \\$atext$2rdacontent
=337  \\$acomputer$2rdamedia
=338  \\$aonline resource$2rdacarrier
=500  \\$aGOV.UK webpage first archived on August 18, 2015; ongoing.
=500  \\$aAt head of title: Collection.
=506  0\$aLegal Deposit;$cContains public sector information licensed under the Open Government Licence;$eThe Legal Deposit Libraries (Non-Print Works) Regulations (UK).$5Uk
=520  \\$aWebpage includes information on registered childcare providers and places, inspection outcomes, and joiners and leavers.
=540  \\$aCopying and sharing of this resource is governed by the terms of the Open Government Licence and UK copyright law currently in force.$5Uk
=588  \\$aDescription based on GOV.UK webpage published June 29, 2023 (archived ***).
=650  \7$aChild care services$xEvaluation.$2fast$0(OCoLC)fst00854335
=650  \7$aDay care centers$xEvaluation.$2fast$0(OCoLC)fst00888220
=650  \7$aDay care aides.$2fast$0(OCoLC)fst00888186
=651  \7$aEngland.$2fast$0(OCoLC)fst01219920
=655  \7$aStatistics.$2fast$0(OCoLC)fst01423727
=655  \7$aWeb archives.$2fast$0(OCoLC)fst02008857
=690  7\$aOpen Government Licence Collection$2blcoll
=710  2\$aBritish Library,$ecollector.
=710  2\$aUK Web Archive,$ecollector.
=774  08$iReports to 29 March 2019 also issued in PDF:$tChildcare providers and inspections
=856  40$uhttps://www.webarchive.org.uk/wayback/en/archive/*/https://www.gov.uk/government/collections/early-years-and-childcare-statistics$yUK Web Archive
=859  \\$aXLD$bUK Web Archive
=CAT  \\$a3391$b40$c20230805$lBLL01$h1200
=CAT  \\$a3391$b40$c20230805$lBLL01$h1211
=FIN  \\$aY$d20230805
=LKR  \\$aPAR$b018306530$lBLL01$r774$mEarly years and childcare statistics.$nChildcare providers and inspections.
=LAS  \\$a3391$b40$c20230805$lBLL01$h1211

