=LDR  03766cai a2200589 i 4500
=001  021173165
=003  Uk
=005  20230827003033.0
=006  m\\\\\|\\d\|\\\\\\
=007  cr\|||||||||||
=008  090428c20239999enk||\w\o\\\\f0\\\a2eng\\
=FMT  \\$a  SE
=040  \\$aUk$beng$cUk$erda
=042  \\$aukblsr
=082  04$a362.82920941$223
=110  1\$aGreat Britain.$bHome Office,$ecreator.
=245  10$aEvaluating the Support for Migrant Victims (SMV) Pilot.
=264  \1$a[London] :$bHome Office,$c4 August 2023-
=300  \\$a1 archived website
=336  \\$atext$2rdacontent
=337  \\$acomputer$2rdamedia
=338  \\$aonline resource$2rdacarrier
=500  \\$aGOV.UK webpage first archived on August 4, 2023; ongoing.
=500  \\$aAt head of title: Research and analysis.
=506  0\$aLegal Deposit;$cContains public sector information licensed under the Open Government Licence;$eThe Legal Deposit Libraries (Non-Print Works) Regulations (UK).$5Uk
=520  \\$aIn July 2020, the Home Office (HO) announced the launch of a UK-wide pilot programme to support victims/survivors of domestic abuse who otherwise had no recourse to public funds (NRPF): the Support for Migrant Victims (SMV) Pilot. HO commissioned the Behavioural Insights Team (BIT) to undertake an independent evaluation of the Pilot. Overall, the evaluation presents a mixed picture. There were clear examples of where the Pilot was performing well, particularly in meeting the immediate and emergency needs of victims/survivors. However, BIT also identified several areas in which victims'/survivors' needs were not being fully met, where provision and experiences were highly dependent on the victims'/survivors' specific circumstances, or where the administration of the Pilot placed additional burden on delivery partners.
=540  \\$aCopying and sharing of this resource is governed by the terms of the Open Government Licence and UK copyright law currently in force.$5Uk
=588  \\$aDescription based on GOV.UK webpage published August 4, 2023 (archived August 9, 2023).
=650  \7$aVictims of family violence$xServices for.$2fast$0(OCoLC)fst01166337
=650  \7$aAbused women$xServices for.$2fast$0(OCoLC)fst00794896
=650  \7$aNoncitizens$xServices for$xFinance.$2fast$0(OCoLC)fst02033306
=650  \7$aVictims of family violence$xProtection.$2fast$0(OCoLC)fst01166334
=651  \7$aGreat Britain.$2fast$0(OCoLC)fst01204623
=655  \7$aWeb archives.$2fast$0(OCoLC)fst02008857
=690  7\$aOpen Government Licence Collection$2blcoll
=710  2\$aBritish Library,$ecollector.
=710  2\$aUK Web Archive,$ecollector.
=774  0\$tSafety Before Status: The Solutions
=774  0\$tDomestic Abuse Commissioner's report: 'Safety Before Status: The Solutions'
=856  40$uhttps://www.webarchive.org.uk/wayback/en/archive/*/https://www.gov.uk/government/publications/evaluating-the-support-for-migrant-victims-smv-pilot$yUK Web Archive
=859  \\$aXLD$bUK Web Archive
=CAT  \\$a3391$b40$c20230811$lBLL01$h1215
=CAT  \\$a3391$b40$c20230811$lBLL01$h1222
=CAT  \\$a11279$b40$c20230817$lBLL01$h1356
=CAT  \\$a11279$b40$c20230817$lBLL01$h1403
=CAT  \\$a11279$b40$c20230817$lBLL01$h1407
=CAT  \\$a11279$b40$c20230817$lBLL01$h1408
=CAT  \\$a3391$b40$c20230827$lBLL01$h0030
=FIN  \\$aY$d20230811
=LKR  \\$aPAR$b020863284$lBLL01$r774$mEvaluating the Support for Migrant Victims (SMV) Pilot.$nSafety Before Status: The Solutions.
=LKR  \\$aPAR$b021148341$lBLL01$r774$mEvaluating the Support for Migrant Victims (SMV) Pilot.$nDomestic Abuse Commissioner's report: 'Safety Before Status: The Solutions' : Government Response.
=LAS  \\$a3391$b40$c20230827$lBLL01$h0030

