=LDR  02360nai a2200481 i 4500
=001  021174845
=003  Uk
=005  20230815004107.0
=006  m\\\\\|\\d\|\\\\\\
=007  cr\|||||||||||
=008  090428c20139999enk||\w\o\\\\f0\\\a2eng\\
=FMT  \\$a  SE
=040  \\$aUk$beng$cUk$erda
=042  \\$aukblsr
=082  04$a338.1750941021$223
=110  1\$aGreat Britain.$bDepartment for Environment, Food & Rural Affairs,$ecreator.
=245  10$aHorticulture statistics.
=247  10$aHorticultural statistics$f2013-2014
=264  \1$a[London] :$bDepartment for Environment, Food & Rural Affairs,$c31 July 2013-
=300  \\$a1 archived website
=336  \\$atext$2rdacontent
=337  \\$acomputer$2rdamedia
=338  \\$aonline resource$2rdacarrier
=500  \\$aGOV.UK webpage first archived on November 10, 2013; ongoing.
=500  \\$aAt head of title: Collection.
=506  0\$aLegal Deposit;$cContains public sector information licensed under the Open Government Licence;$eThe Legal Deposit Libraries (Non-Print Works) Regulations (UK).$5Uk
=520  \\$aThis series gives annual statistics on the area, yield, production, trade and valuation of fruit and vegetable crops grown in the United Kingdom. Some historic data on ornamentals is also shown.
=540  \\$aCopying and sharing of this resource is governed by the terms of the Open Government Licence and UK copyright law currently in force.$5Uk
=588  \\$aDescription based on GOV.UK webpage published August 18, 2022 (archived May 25, 2023).
=650  \7$aHorticulture.$2fast$0(OCoLC)fst00960791
=651  \7$aGreat Britain.$2fast$0(OCoLC)fst01204623
=655  \7$aStatistics.$2fast$0(OCoLC)fst01132103
=655  \7$aWeb archives.$2fast$0(OCoLC)fst02008857
=690  7\$aOpen Government Licence Collection$2blcoll
=710  2\$aBritish Library,$ecollector.
=710  2\$aUK Web Archive,$ecollector.
=774  08$iTo 2019 reports issued in PDF:$tHorticulture statistics
=856  40$uhttps://www.webarchive.org.uk/wayback/en/archive/*/https://www.gov.uk/government/collections/horticultural-statistics$yUK Web Archive
=859  \\$aXLD$bUK Web Archive
=CAT  \\$a3391$b40$c20230815$lBLL01$h0041
=FIN  \\$aY$d20230815
=LKR  \\$aPAR$b018070770$lBLL01$r774$mHorticulture statistics.$nHorticulture statistics /
=LAS  \\$a3391$b40$c20230815$lBLL01$h0041

