=LDR  02835nai a2200529 i 4500
=001  021187996
=003  Uk
=005  20230828181253.0
=006  m\\\\\|\\d\|\\\\\\
=007  cr\|||||||||||
=008  090428c20139999enk||\w\o\\\\f0\\\a2eng\\
=FMT  \\$a  SE
=040  \\$aUk$beng$cUk$erda
=042  \\$aukblsr
=082  04$a331.2529135142$223
=110  1\$aGreat Britain.$bDepartment for Levelling Up, Housing & Communities,$ecreator.
=245  10$aLocal government pension scheme statistics.
=264  \1$a[London] :$bDepartment for Communities and Local Government,$c[20 September 2013]-
=264  21$32018-2021$a[London]$bMinistry of Housing, Communities & Local Government
=264  31$32022-$a[London] :$bDepartment for Levelling Up, Housing and Communities and Ministry of Housing, Communities & Local Government
=300  \\$a1 archived website
=336  \\$atext$2rdacontent
=337  \\$acomputer$2rdamedia
=338  \\$aonline resource$2rdacarrier
=500  \\$aGOV.UK webpage first archived on November 9, 2013; ongoing.
=500  \\$aAt head of title: Collection.
=506  0\$aLegal Deposit;$cContains public sector information licensed under the Open Government Licence;$eThe Legal Deposit Libraries (Non-Print Works) Regulations (UK).$5Uk
=520  \\$aThis collection brings together all statistics on the local government pension scheme in England and Wales.
=540  \\$aCopying and sharing of this resource is governed by the terms of the Open Government Licence and UK copyright law currently in force.$5Uk
=588  \\$aDescription based on GOV.UK webpage published October 26, 2022 (archived November 16, 2022).
=650  \7$aLocal officials and employees$xPensions.$2fast$0(OCoLC)fst01001453
=651  \7$aEngland.$2fast$0(OCoLC)fst01219920
=651  \7$aWales.$2fast$0(OCoLC)fst01207649
=655  \7$aWeb archives.$2fast$0(OCoLC)fst02008857
=690  7\$aOpen Government Licence Collection$2blcoll
=710  1\$aGreat Britain.$bMinistry of Housing, Communities and Local Government,$ecreator.
=710  1\$aGreat Britain.$bDepartment for Communities and Local Government,$ecreator.
=710  2\$aBritish Library,$ecollector.
=710  2\$aUK Web Archive,$ecollector.
=774  08$iTo 2020/21 reports available in PDF:$tLocal Government pension scheme funds, England and Wales
=856  40$uhttps://www.webarchive.org.uk/wayback/en/archive/*/https://www.gov.uk/government/collections/local-government-pension-scheme$yUK Web Archive
=859  \\$aXLD$bUK Web Archive
=CAT  \\$a3391$b40$c20230824$lBLL01$h2048
=CAT  \\$a3391$b40$c20230828$lBLL01$h1812
=FIN  \\$aY$d20230824
=LKR  \\$aPAR$b018619159$lBLL01$r774$mLocal government pension scheme statistics.$nLocal Government pension scheme funds, England and Wales.
=LAS  \\$a3391$b40$c20230828$lBLL01$h1812

