=LDR  02782nai a2200529 i 4500
=001  021188103
=003  Uk
=005  20230829080445.0
=006  m\\\\\|\\d\|\\\\\\
=007  cr\|||||||||||
=008  090428c20129999enk||\w\o\\\\f0\\\a2eng\\
=FMT  \\$a  SE
=040  \\$aUk$beng$cUk$erda
=042  \\$aukblsr
=082  04$a352.630941$223
=110  1\$aGreat Britain.$bCivil Service,$ecreator.
=245  10$aCivil Service people surveys.
=264  \1$a[London] :$bScotland Office,$c31 August 2012-
=264  31$32015-$a[London]$bCivil Service
=300  \\$a1 archived website
=336  \\$atext$2rdacontent
=337  \\$acomputer$2rdamedia
=338  \\$aonline resource$2rdacarrier
=500  \\$aGOV.UK webpage first archived on November 12, 2013; ongoing.
=500  \\$aAt head of title: Collection.
=506  0\$aLegal Deposit;$cContains public sector information licensed under the Open Government Licence;$eThe Legal Deposit Libraries (Non-Print Works) Regulations (UK).$5Uk
=520  \\$aThe annual Civil Service People Survey looks at civil servants' attitudes to, and experience of working in government departments. The collection includes People Survey benchmark scores, technical guides and organisation-level reports for various government departments and agencies.
=540  \\$aCopying and sharing of this resource is governed by the terms of the Open Government Licence and UK copyright law currently in force.$5Uk
=588  \\$aDescription based on GOV.UK webpage published March 30, 2023 (archived April 2, 2023).
=650  \7$aCivil service.$2fast$0(OCoLC)fst00862730
=651  \7$aGreat Britain.$2fast$0(OCoLC)fst01204623
=655  \7$aWeb archives.$2fast$0(OCoLC)fst02008857
=690  7\$aOpen Government Licence Collection$2blcoll
=710  1\$aGreat Britain.$bScotland Office,$ecreator.
=710  2\$aBritish Library,$ecollector.
=710  2\$aUK Web Archive,$ecollector.
=774  08$iBenchmark scores to 2019 also available in PDF:$aGreat Britain. HM Treasury.$tCivil Service people survey
=774  08$iTechnical guides to 2020 also available in PDF:$tCivil Service people survey. Technical guide
=856  40$uhttps://www.webarchive.org.uk/wayback/en/archive/*/https://www.gov.uk/government/collections/civil-service-people-surveys$yUK Web Archive
=859  \\$aXLD$bUK Web Archive
=985  \\$a110 = NOT NAL
=CAT  \\$a3391$b40$c20230824$lBLL01$h2231
=CAT  \\$a3391$b40$c20230824$lBLL01$h2234
=CAT  \\$a8124$b40$c20230829$lBLL01$h0804
=LKR  \\$aPAR$b019220098$lBLL01$r774$mCivil Service people surveys.$nCivil service people survey (PDF)
=LKR  \\$aPAR$b020310615$lBLL01$r774$mCivil Service people surveys.$nCivil Service people survey. Technical guide
=LAS  \\$a8124$b40$c20230829$lBLL01$h0804

