=LDR  03392nai a2200553 i 4500
=001  021189619
=003  Uk
=005  20230828174858.0
=006  m\\\\\|\\d\|\\\\\\
=007  cr\|||||||||||
=008  090428c20139999enk||\w\o\\\\f0\\\a2eng\\
=FMT  \\$a  SE
=040  \\$aUk$beng$cUk$erda
=042  \\$aukblsr
=082  04$a338.476910941021$223
=110  1\$aGreat Britain.$bDepartment for Business & Trade,$ecreator.
=245  10$aBuilding materials and components :$bmonthly statistics.
=264  \1$a[London] :$bDepartment for Business, Innovation & Skills,$c[2 October 2013]-
=264  21$32016-2023$a[London] :$bDepartment for Business, Energy & Industrial Strategy
=264  31$32023-$a[London] :$bDepartment for Business and Trade
=300  \\$a1 archived website
=336  \\$atext$2rdacontent
=337  \\$acomputer$2rdamedia
=338  \\$aonline resource$2rdacarrier
=500  \\$aGOV.UK webpage first archived on November 17, 2013; ongoing.
=500  \\$aAt head of title: Collection.
=506  0\$aLegal Deposit;$cContains public sector information licensed under the Open Government Licence;$eThe Legal Deposit Libraries (Non-Print Works) Regulations (UK).$5Uk
=520  \\$a'Monthly statistics of building materials and components' and its accompanying commentry present the latest detailed information on selected building materials and contains monthly data on price indices, bricks, cement and concrete blocks. It also contains quarterly data on sand and gravel, slate, concrete roofing tiles, ready-mixed concrete and imports and exports of construction products.
=540  \\$aCopying and sharing of this resource is governed by the terms of the Open Government Licence and UK copyright law currently in force.$5Uk
=588  \\$aDescription based on GOV.UK webpage published July 5, 2023 (archived August 4, 2023).
=650  \7$aBuilding materials.$2fast$0(OCoLC)fst00840723
=650  \7$aBuilding.$2fast$0(OCoLC)fst00840551
=651  \7$aGreat Britain.$2fast$0(OCoLC)fst01204623
=655  \7$aStatistics.$2fast$0(OCoLC)fst01423727
=655  \7$aWeb archives.$2fast$0(OCoLC)fst02008857
=690  7\$aOpen Government Licence Collection$2blcoll
=710  1\$aGreat Britain.$bDepartment for Business, Energy & Industrial Strategy,$ecreator.
=710  1\$aGreat Britain.$bDepartment for Business & Trade,$ecreator.
=710  2\$aBritish Library,$ecollector.
=710  2\$aUK Web Archive,$ecollector.
=774  08$iStatistical tables to February 2021 available in PDF:$tMonthly statistics of building materials and components (Online)$x1756-9184
=774  08$iCommentaries to January 2023 also available in PDF:$tMonthly statistics of building materials and components. Commentary
=856  40$uhttps://www.webarchive.org.uk/wayback/en/archive/*/https://www.gov.uk/government/collections/building-materials-and-components-monthly-statistics-2012$yUK Web Archive
=859  \\$aXLD$bUK Web Archive
=CAT  \\$a3391$b40$c20230828$lBLL01$h1748
=FIN  \\$aY$d20230828
=LKR  \\$aPAR$b014573202$lBLL01$r774$mBuilding materials and components : monthly statistics.$nMonthly statistics of building materials and components (Online)
=LKR  \\$aPAR$b016046298$lBLL01$r774$mBuilding materials and components : monthly statistics.$nMonthly statistics of building materials and components.
=LAS  \\$a3391$b40$c20230828$lBLL01$h1748

