=LDR  02220cai a2200481 i 4500
=001  021189620
=003  Uk
=005  20230928132738.0
=006  m\\\\\|\\d\|\\\\\\
=007  cr\|||||||||||
=008  090428c20239999enk||\w\o\\\\f0\\\a2eng\\
=FMT  \\$a  SE
=040  \\$aUk$beng$cUk$erda
=042  \\$aukblsr
=082  04$a363.3250941$223
=110  1\$aGreat Britain.$bHome Office,$ecreator.
=245  10$aCounter-terrorism strategy (CONTEST) 2023.
=264  \1$a[London] :$bHome Office,$c18 July 2023-
=300  \\$a1 archived website
=336  \\$atext$2rdacontent
=337  \\$acomputer$2rdamedia
=338  \\$aonline resource$2rdacarrier
=500  \\$aGOV.UK webpage first archived on July 18, 2023; ongoing.
=500  \\$aAt head of title: Policy paper.
=506  0\$aLegal Deposit;$cContains public sector information licensed under the Open Government Licence;$eThe Legal Deposit Libraries (Non-Print Works) Regulations (UK).$5Uk
=520  \\$aThe aim of CONTEST is to reduce the risk from terrorism to the UK, its citizens and interests overseas, so people can live freely and with confidence.
=540  \\$aCopying and sharing of this resource is governed by the terms of the Open Government Licence and UK copyright law currently in force.$5Uk
=588  \\$aDescription based on GOV.UK webpage published July 18, 2023 (archived July 18, 2023).
=650  \7$aTerrorism$xPrevention$xGovernment policy.$2fast$0(OCoLC)fst01148127
=651  \7$aGreat Britain.$2fast$0(OCoLC)fst01204623
=655  \7$aWeb archives.$2fast$0(OCoLC)fst02008857
=690  7\$aOpen Government Licence Collection$2blcoll
=710  2\$aBritish Library,$ecollector.
=710  2\$aUK Web Archive,$ecollector.
=856  40$uhttps://www.webarchive.org.uk/wayback/en/archive/*/https://www.gov.uk/government/publications/counter-terrorism-strategy-contest-2023$yUK Web Archive
=859  \\$aXLD$bUK Web Archive
=985  \\$a110 = NOT NAL
=985  \\$a28092023 Amended Landing Page record - UK Web Archive
=CAT  \\$a3391$b40$c20230828$lBLL01$h1849
=CAT  \\$a3391$b40$c20230928$lBLL01$h1244
=CAT  \\$a3391$b40$c20230928$lBLL01$h1327
=FIN  \\$aY$d20230828
=LAS  \\$a3391$b40$c20230928$lBLL01$h1327

