=LDR  03007cai a2200577 i 4500
=001  021203580
=003  Uk
=005  20231009181225.0
=006  m\\\\\|\\d\|\\\\\\
=007  cr\|||||||||||
=008  090428c20109999enk||\w\o\\\\f0\\\a2eng\\
=FMT  \\$a  SE
=040  \\$aUk$beng$cUk$erda
=042  \\$aukblsr
=082  04$a307.120942$223
=110  1\$aGreat Britain.$bDepartment for Levelling Up, Housing & Communities,$ecreator.
=245  10$aPlanning applications statistics.
=264  \1$a[London] :$bDepartment for Communities and Local Government,$c30 June 2010-
=264  21$32018-2021$a[London] :$bMinistry of Housing, Communities and Local Government
=264  31$32021-$a[London] :$bDepartment for Levelling Up, Housing & Communities
=300  \\$a1 archived website
=336  \\$atext$2rdacontent
=337  \\$acomputer$2rdamedia
=338  \\$aonline resource$2rdacarrier
=500  \\$aGOV.UK webpage first archived on November 9 2013; ongoing.
=500  \\$aAt head of title: Collection.
=506  0\$aLegal Deposit;$cContains public sector information licensed under the Open Government Licence;$eThe Legal Deposit Libraries (Non-Print Works) Regulations (UK).$5Uk
=520  \\$aThis collection brings together all documents relating to planning applications statistics. It includes national statistics about the number of planning applications made and permissions granted in England, released every 3 months.
=540  \\$aCopying and sharing of this resource is governed by the terms of the Open Government Licence and UK copyright law currently in force.$5Uk
=588  \\$aDescription based on GOV.UK webpage updated June 8, 2023 (archived June 24, 2023).
=650  \7$aLand use$xPlanning.$2fast$0(OCoLC)fst00991528
=651  \7$aEngland.$2fast$0(OCoLC)fst01219920
=655  \7$aStatistics.$2fast$0(OCoLC)fst01423727
=655  \7$aWeb archives.$2fast$0(OCoLC)fst02008857
=690  7\$aOpen Government Licence Collection$2blcoll
=710  1\$aGreat Britain.$bDepartment for Communities and Local Government,$ecreator.
=710  1\$aGreat Britain.$bMinistry of Housing, Communities and Local Government,$ecreator.
=710  2\$aBritish Library,$ecollector.
=710  2\$aUK Web Archive,$ecollector.
=774  08$iTo July/September 2022 content also issued in PDF:$tPlanning applications
=856  40$uhttps://www.webarchive.org.uk/wayback/en/archive/*/https://www.gov.uk/government/collections/planning-applications-statistics$yUK Web Archive
=859  \\$aXLD$bUK Web Archive
=CAT  \\$a7907$b40$c20230908$lBLL01$h1715
=CAT  \\$a7907$b40$c20230908$lBLL01$h1722
=CAT  \\$a7907$b40$c20230908$lBLL01$h1838
=CAT  \\$a7907$b40$c20230908$lBLL01$h1843
=CAT  \\$a11279$b40$c20230914$lBLL01$h1345
=CAT  \\$a7907$b40$c20231009$lBLL01$h1812
=FIN  \\$aY$d20230908
=LKR  \\$aPAR$b015692447$lBLL01$mPlanning applications statistics.$nPlanning applications ... quarter ..., (England).
=LAS  \\$a7907$b40$c20231009$lBLL01$h1812

