=LDR  02682nai a2200493 i 4500
=001  021205010
=003  Uk
=005  20230911230144.0
=006  m\\\\\|\\d\|\\\\\\
=007  cr\|||||||||||
=008  090428c20139999enk||\w\o\\\\f0\\\a2eng\\
=FMT  \\$a  SE
=040  \\$aUk$beng$cUk$erda
=042  \\$aukblsr
=082  04$a338.130942$223
=110  1\$aGreat Britain.$bDepartment for Environment, Food & Rural Affairs,$ecreator.
=245  10$aFarm business income.
=264  \1$a[London] :$bDepartment for Environment, Food & Rural Affairs,$c[13 January 2013]-
=300  \\$a1 archived website
=336  \\$atext$2rdacontent
=337  \\$acomputer$2rdamedia
=338  \\$aonline resource$2rdacarrier
=500  \\$aGOV.UK webpage first archived on July 31, 2014; ongoing.
=500  \\$aAt head of title: National statistics.
=506  0\$aLegal Deposit;$cContains public sector information licensed under the Open Government Licence;$eThe Legal Deposit Libraries (Non-Print Works) Regulations (UK).$5Uk
=520  \\$aThis publication gives annual statistics about farm business income in England. This represents the financial return to all unpaid labour on their capital invested in the farm business, including land and buildings. It is designed to compare performance across different types of farming. From 2016, annual statistics are preceded by a statistical notice providing forecasts of farm business income.
=540  \\$aCopying and sharing of this resource is governed by the terms of the Open Government Licence and UK copyright law currently in force.$5Uk
=588  \\$aDescription based on GOV.UK webpage published August 9, 2023 (archived August 20, 2023).
=650  \7$aFarm income.$2fast$0(OCoLC)fst00921031
=650  \7$aAgriculture$xEconomic aspects.$2fast$0(OCoLC)fst00801415
=651  \7$aEngland.$2fast$0(OCoLC)fst01219920
=655  \7$aStatistics.$2fast$0(OCoLC)fst01423727
=655  \7$aWeb archives.$2fast$0(OCoLC)fst02008857
=690  7\$aOpen Government Licence Collection$2blcoll
=710  2\$aBritish Library,$ecollector.
=710  2\$aUK Web Archive,$ecollector.
=774  08$iTo 2020/21 reports also available in PDF:$tFarm business income by type of farm in England
=856  40$uhttps://www.webarchive.org.uk/wayback/en/archive/*/https://www.gov.uk/government/statistics/farm-business-income$yUK Web Archive
=859  \\$aXLD$bUK Web Archive
=CAT  \\$a3391$b40$c20230911$lBLL01$h2300
=CAT  \\$a3391$b40$c20230911$lBLL01$h2301
=FIN  \\$aY$d20230911
=LKR  \\$aPAR$b018308496$lBLL01$r774$mFarm business income.$nFarm business income by type of farm in England.
=LAS  \\$a3391$b40$c20230911$lBLL01$h2301

