=LDR  02775cai a2200565 i 4500
=001  021209192
=003  Uk
=005  20230928124219.0
=006  m\\\\\|\\d\|\\\\\\
=007  cr\|||||||||||
=008  090428c20129999enk||\w\o\\\\f0\\\a2eng\\
=FMT  \\$a  SE
=040  \\$aUk$beng$cUk$erda
=042  \\$aukblsr
=082  04$a363.61$223
=110  1\$aGreat Britain.$bDepartment for Environment, Food & Rural Affairs,$ecreator.
=245  10$aWater abstraction statistics :$bEngland.
=247  10$aWater abstraction from non-tidal surface water and groundwater$f2015-2017
=247  10$aWater abstraction estimates$f2012-2013
=264  \1$a[London] :$bDepartment for Environment, Food & Rural Affairs$c[19 December 2012]-
=300  \\$a1 archived website
=336  \\$atext$2rdacontent
=337  \\$acomputer$2rdamedia
=338  \\$aonline resource$2rdacarrier
=500  \\$aGOV.UK webpage first archived on July 30, 2014; ongoing.
=500  \\$aAt head of title: Official statistics.
=506  0\$aLegal Deposit;$cContains public sector information licensed under the Open Government Licence;$eThe Legal Deposit Libraries (Non-Print Works) Regulations (UK).$5Uk
=520  \\$aThis annual publication estimates the abstraction of water from non tidal, surface water and groundwater from 2000. Covers England and Wales to 2016 and England only from 2017.
=540  \\$aCopying and sharing of this resource is governed by the terms of the Open Government Licence and UK copyright law currently in force.$5Uk
=588  \\$aDescription based on GOV.UK webpage published January 4, 2023 (archived January 15, 2023).
=650  \7$aWater withdrawals.$2fast$0(OCoLC)fst01172265
=651  \7$aEngland.$2fast$0(OCoLC)fst01219920
=655  \7$aStatistics.$2fast$0(OCoLC)fst01423727
=655  \7$aWeb archives.$2fast$0(OCoLC)fst02008857
=690  7\$aOpen Government Licence Collection$2blcoll
=710  2\$aBritish Library,$ecollector.
=710  2\$aUK Web Archive,$ecollector.
=774  08$iTo 2000/2017 report available in PDF:$tWater abstraction statistics, England
=856  40$uhttps://www.webarchive.org.uk/wayback/en/archive/*/https://www.gov.uk/government/statistics/water-abstraction-estimates$yUK Web Archive
=859  \\$aXLD$bUK Web Archive
=985  \\$a110 = NOT NAL
=985  \\$a28092023 New Landing Page record - UK Web Archive
=CAT  \\$a3391$b40$c20230914$lBLL01$h1551
=CAT  \\$a3391$b40$c20230914$lBLL01$h1557
=CAT  \\$a3391$b40$c20230928$lBLL01$h1239
=CAT  \\$a3391$b40$c20230928$lBLL01$h1242
=FIN  \\$aY$d20230928
=FIN  \\$aY$d20230914
=LKR  \\$aPAR$b018870639$lBLL01$r774$mWater abstraction statistics : England.$nWater abstraction statistics, England.
=LAS  \\$a3391$b40$c20230928$lBLL01$h1242

