=LDR  03465nai a2200517 i 4500
=001  021209365
=003  Uk
=005  20230914235208.0
=006  m\\\\\|\\d\|\\\\\\
=007  cr\|||||||||||
=008  090428c20149999enk||\w\o\\\\f0\\\a2eng\\
=FMT  \\$a  SE
=040  \\$aUk$beng$cUk$erda
=042  \\$aukblsr
=082  04$a332.041540941$223
=110  1\$aGreat Britain.$bHM Revenue & Customs,$ecreator.
=245  10$aEnterprise Investment Scheme, Seed Enterprise Investment Scheme and Social Investment Tax Relief statistics.
=247  10$aEnterprise Investment Scheme and Seed Enterprise Investment Scheme statistics$f2014-2017
=264  \1$a[London] :$bHM Revenue & Customs,$c12 December 2014-
=300  \\$a1 archived website
=336  \\$atext$2rdacontent
=337  \\$acomputer$2rdamedia
=338  \\$aonline resource$2rdacarrier
=500  \\$aGOV.UK webpage first archived on January 25, 2015; ongoing.
=500  \\$aAt head of title: Collection.
=506  0\$aLegal Deposit;$cContains public sector information licensed under the Open Government Licence;$eThe Legal Deposit Libraries (Non-Print Works) Regulations (UK).$5Uk
=520  \\$aThese publications provide information about the number of companies receiving investment under the Enterprise Investment Scheme (EIS) and Seed Enterprise Investment Scheme (SEIS), along with the amount of funds raised. The number of social enterprises receiving investment under the Social Investment Tax Relief (SITR) scheme is also included. The statistics for the EIS and SEIS include breakdowns by industry sector, companies' registered addresses and the size of investment. It also provides information on the number of investors and the amounts invested, as reported on investors' Self Assessment tax returns. Statistics on advance assurance requests (AAR) for the EIS, SEIS and SITR are also provided.
=540  \\$aCopying and sharing of this resource is governed by the terms of the Open Government Licence and UK copyright law currently in force.$5Uk
=588  \\$aDescription based on GOV.UK webpage published May 5, 2022 (archived October 5, 2022).
=610  27$aEnterprise Investment Scheme (Great Britain)$2fast$0(OCoLC)fst02061781
=610  27$aSeed Enterprise Investment Scheme (Great Britain)$2fast$0(OCoLC)fst02061782
=650  \7$aVenture capital.$2fast$0(OCoLC)fst01165298
=650  \7$aTax remission.$2fast$0(OCoLC)fst01143833
=651  \7$aGreat Britain.$2fast$0(OCoLC)fst01204623
=655  \7$aStatistics.$2fast$0(OCoLC)fst01423727
=655  \7$aWeb archives.$2fast$0(OCoLC)fst02008857
=690  7\$aOpen Government Licence Collection$2blcoll
=710  2\$aBritish Library,$ecollector.
=710  2\$aUK Web Archive,$ecollector.
=774  08$iTo 2020 commentary issued in PDF:$tEnterprise Investment Scheme and Seed Enterprise Investment Scheme
=856  40$uhttps://www.webarchive.org.uk/wayback/en/archive/*/https://www.gov.uk/government/collections/enterprise-investment-scheme-and-seed-enterprise-investment-scheme-statistics$yUK Web Archive
=859  \\$aXLD$bUK Web Archive
=CAT  \\$a3391$b40$c20230914$lBLL01$h2352
=FIN  \\$aY$d20230914
=LKR  \\$aPAR$b018315276$lBLL01$r774$mEnterprise Investment Scheme, Seed Enterprise Investment Scheme and Social Investment Tax Relief statistics.$nEnterprise Investment Scheme and Seed Enterprise Investment Scheme : statistics on companies raising funds.
=LAS  \\$a3391$b40$c20230914$lBLL01$h2352

