=LDR  02641cai a2200493 i 4500
=001  021209366
=003  Uk
=005  20230928122213.0
=006  m\\\\\|\\d\|\\\\\\
=007  cr\|||||||||||
=008  090428c20199999enk||\w\o\\\\f0\\\a2eng\\
=FMT  \\$a  SE
=040  \\$aUk$beng$cUk$erda
=042  \\$aukblsr
=082  04$a338.10942$223
=110  1\$aGreat Britain.$bDepartment for Environment, Food & Rural Affairs,$ecreator.
=245  10$aTotal income from farming for the regions of England.
=264  \1$a[London] :$bDepartment for Environment, Food & Rural Affairs$c5 September 2019-
=300  \\$a1 archived website
=336  \\$atext$2rdacontent
=337  \\$acomputer$2rdamedia
=338  \\$aonline resource$2rdacarrier
=500  \\$aGOV.UK webpage first archived on September 6, 2019; ongoing.
=500  \\$aAt head of title: Official statistics.
=506  0\$aLegal Deposit;$cContains public sector information licensed under the Open Government Licence;$eThe Legal Deposit Libraries (Non-Print Works) Regulations (UK).$5Uk
=520  \\$aThis publication provides a regional split of the aggregate agricultural accounts for England, which are published under Total income from farming in England. Results are published at International Territorial Levels ITL1, ITL2 and ITL3 regional levels.
=540  \\$aCopying and sharing of this resource is governed by the terms of the Open Government Licence and UK copyright law currently in force.$5Uk
=588  \\$aDescription based on GOV.UK webpage published December 13, 2022 (archived December 13, 2022).
=650  \7$aFarm income.$2fast$0(OCoLC)fst00921031
=651  \7$aEngland.$2fast$0(OCoLC)fst01219920
=655  \7$aStatistics.$2fast$0(OCoLC)fst01423727
=655  \7$aWeb archives.$2fast$0(OCoLC)fst02008857
=690  7\$aOpen Government Licence Collection$2blcoll
=710  2\$aBritish Library,$ecollector.
=710  2\$aUK Web Archive,$ecollector.
=774  08$iEstimates to 2020 also issued in PDF:$tTotal income from farming for the regions of England
=856  40$uhttps://www.webarchive.org.uk/wayback/en/archive/*/https://www.gov.uk/government/statistics/total-income-from-farming-for-the-regions-of-england$yUK Web Archive
=859  \\$aXLD$bUK Web Archive
=985  \\$a28092023 Amended Landing Page record - UK Web Archive
=CAT  \\$a3391$b40$c20230915$lBLL01$h0048
=CAT  \\$a3391$b40$c20230928$lBLL01$h1222
=FIN  \\$aY$d20230915
=LKR  \\$aPAR$b019688407$lBLL01$r774$mTotal income from farming for the regions of England.$nTotal income from farming for the regions of England.
=LAS  \\$a3391$b40$c20230928$lBLL01$h1222

