=LDR  03808cai a2200553 i 4500
=001  021211846
=003  Uk
=005  20230928122843.0
=006  m\\\\\|\\d\|\\\\\\
=007  cr\|||||||||||
=008  090428c20239999enk||\w\o\\\\f0\\\a2eng\\
=FMT  \\$a  SE
=040  \\$aUk$beng$cUk$erda
=042  \\$aukblsr
=082  04$a363.2850941$223
=110  1\$aGreat Britain.$bHome Office,$ecreator.
=245  10$aBorder security :$bminimum service levels during strike action.
=264  \1$a[London] :$bHome Office and Border Force$c11 August 2023-
=300  \\$a1 archived website
=336  \\$atext$2rdacontent
=337  \\$acomputer$2rdamedia
=338  \\$aonline resource$2rdacarrier
=500  \\$aGOV.UK webpage first archived on August 12, 2023; ongoing.
=500  \\$aAt head of title: Open consultation.
=506  0\$aLegal Deposit;$cContains public sector information licensed under the Open Government Licence;$eThe Legal Deposit Libraries (Non-Print Works) Regulations (UK).$5Uk
=520  \\$aThe introduction of minimum service levels (MSLs) is designed to enable people to continue to attend their place of work, access education and healthcare, and to protect the UK's security and infrastructure during strikes, whilst preserving the ability to strike. Where MSLs are applied, there should be a more consistent level of service for the public from strike to strike, as well as minimising the circumstances in which there are no services at all. This will help protect the public and guard against disproportionate risks to lives and livelihoods. The Strikes (Minimum Service Levels) Act 2023 received Royal Assent on 20 July 2023. It creates a framework for delivering MSLs in the event of strike action in key sectors, including border security. This consultation sets out considerations in defining essential border services and considerations in defining a border security MSL for Border Force.
=540  \\$aCopying and sharing of this resource is governed by the terms of the Open Government Licence and UK copyright law currently in force.$5Uk
=588  \\$aDescription based on GOV.UK webpage published August 11, 2023 (archived August 12, 2023).
=610  10$aGreat Britain.$tStrikes (Minimum Service Levels) Act 2023.
=650  \7$aBorder security$xLaw and legislation.$2fast$0(OCoLC)fst01902598
=650  \7$aStrikes and lockouts$xLaw and legislation.$2fast$0(OCoLC)fst01135131
=651  \7$aGreat Britain.$2fast$0(OCoLC)fst01204623
=655  \7$aWeb archives.$2fast$0(OCoLC)fst02008857
=690  7\$aOpen Government Licence Collection$2blcoll
=710  1\$aGreat Britain.$bBorder Force,$ecreator.
=710  2\$aBritish Library,$ecollector.
=710  2\$aUK Web Archive,$ecollector.
=774  0\$tMinimum Service Levels (MSL) Border Security Consultation : Impact Assessment
=774  0\$tMinimum Service Levels (MSLs) - border security : Equality Impact Assessment (EIA)
=856  40$uhttps://www.webarchive.org.uk/wayback/en/archive/*/https://www.gov.uk/government/consultations/border-security-minimum-service-levels-during-strike-action$yUK Web Archive
=859  \\$aXLD$bUK Web Archive
=985  \\$a28092023 Amended Landing Page record - UK Web Archive
=CAT  \\$a3391$b40$c20230918$lBLL01$h1331
=CAT  \\$a3391$b40$c20230918$lBLL01$h1407
=CAT  \\$a3391$b40$c20230928$lBLL01$h1228
=FIN  \\$aY$d20230918
=LKR  \\$aPAR$b021211292$lBLL01$r774$mBorder security : minimum service levels during strike action.$nMinimum Service Levels (MSL) Border Security Consultation : Impact Assessment.
=LKR  \\$aPAR$b021211293$lBLL01$r774$mBorder security : minimum service levels during strike action.$nMinimum Service Levels (MSLs) - border security : Equality Impact Assessment (EIA)
=LAS  \\$a3391$b40$c20230928$lBLL01$h1228

