=LDR  03091cai a2200529 i 4500
=001  021211995
=003  Uk
=005  20230928122928.0
=006  m\\\\\|\\d\|\\\\\\
=007  cr\|||||||||||
=008  090428c20229999enk||\w\o\\\\f0\\\a2eng\\
=FMT  \\$a  SE
=040  \\$aUk$beng$cUk$erda
=042  \\$aukblsr
=082  04$a333.790941$223
=110  1\$aGreat Britain.$bDepartment for Energy Security and Net Zero,$ecreator.
=245  10$aEnergy Bill Relief Scheme (EBRS) :$bscheme documents.
=264  \1$a[London] :$bDepartment for Business, Energy & Industrial Strategy,$c1 November 2022-
=264  31$32023-$a[London] :$bDepartment for Energy Security and Net Zero and Department for Business, Energy & Industrial Strategy
=300  \\$a1 archived website
=336  \\$atext$2rdacontent
=337  \\$acomputer$2rdamedia
=338  \\$aonline resource$2rdacarrier
=500  \\$aGOV.UK webpage first archived on November 1, 2023; ongoing.
=500  \\$aAt head of title: Policy paper.
=506  0\$aLegal Deposit;$cContains public sector information licensed under the Open Government Licence;$eThe Legal Deposit Libraries (Non-Print Works) Regulations (UK).$5Uk
=520  \\$aOn 21st September 2022, the government announced a scheme that saw energy prices for non-domestic energy customers such as businesses, charities and public sector organisations cut. The Energy Bill Relief Scheme (EBRS) offered a unit price cap for all firms for six months from 1 October 2022. In effect, the government offered a discount on wholesale gas and electricity prices for all eligible non-domestic customers. From 1 April 2023 the scheme changed to the Energy Bills Discount Scheme.
=540  \\$aCopying and sharing of this resource is governed by the terms of the Open Government Licence and UK copyright law currently in force.$5Uk
=588  \\$aDescription based on GOV.UK webpage published November 1, 2022 (archived November 1, 2022).
=650  \7$aEnergy consumption$xCosts.$2fast$0(OCoLC)fst00909991
=650  \7$aBusiness enterprises$xEnergy consumption.$2fast$0(OCoLC)fst00842554
=650  \7$aPublic institutions$xEnergy consumption.$2fast$0(OCoLC)fst01082516
=650  \7$aSubsidies$xGovernment policy.$2fast$0(OCoLC)fst01136744
=651  \7$aGreat Britain.$2fast$0(OCoLC)fst01204623
=655  \7$aWeb archives.$2fast$0(OCoLC)fst02008857
=690  7\$aOpen Government Licence Collection$2blcoll
=710  1\$aGreat Britain.$bDepartment for Business, Energy & Industrial Strategy,$ecreator.
=710  2\$aBritish Library,$ecollector.
=710  2\$aUK Web Archive,$ecollector.
=856  40$uhttps://www.webarchive.org.uk/wayback/en/archive/*/https://www.gov.uk/government/publications/energy-bill-relief-scheme-ebrs-scheme-documents$yUK Web Archive
=859  \\$aXLD$bUK Web Archive
=985  \\$a28092023 New Landing Page record - UK Web Archive
=CAT  \\$a3391$b40$c20230918$lBLL01$h1814
=CAT  \\$a3391$b40$c20230928$lBLL01$h1226
=CAT  \\$a3391$b40$c20230928$lBLL01$h1229
=FIN  \\$aY$d20230918
=LAS  \\$a3391$b40$c20230928$lBLL01$h1229

