=LDR  03248cai a2200589 i 4500
=001  021220962
=003  Uk
=005  20230928115727.0
=006  m\\\\\|\\d\|\\\\\\
=007  cr\|||||||||||
=008  090428c20139999enk||\w\o\\\\f0\\\a2eng\\
=FMT  \\$a  SE
=040  \\$aUk$beng$cUk$erda
=042  \\$aukblsr
=082  04$a388.413220941$223
=110  1\$aGreat Britain.$bDepartment for Transport,$ecreator.
=245  10$aBus statistics.
=264  \1$a[London] :$bDepartment for Transport,$c24 September 2013-
=300  \\$a1 archived website
=336  \\$atext$2rdacontent
=337  \\$acomputer$2rdamedia
=338  \\$aonline resource$2rdacarrier
=500  \\$aGOV.UK webpage first archived on November 9, 2013; ongoing.
=500  \\$aAt head of title: Collection.
=506  0\$aLegal Deposit;$cContains public sector information licensed under the Open Government Licence;$eThe Legal Deposit Libraries (Non-Print Works) Regulations (UK).$5Uk
=520  \\$atatistics on the local bus sector in Great Britain, presenting information on passenger journeys, vehicle miles, levels of revenue, costs and government support, the vehicle fleet, staff employed and other indicators including punctuality. The department also collects statistics on concessionary travel, covering pass holders, journeys, expenditure and reimbursement to operators. The majority of these statistics are updated annually, with information on bus fares available quarterly.
=540  \\$aCopying and sharing of this resource is governed by the terms of the Open Government Licence and UK copyright law currently in force.$5Uk
=588  \\$aDescription based on GOV.UK webpage published June 27, 2023 (archived July 10, 2023).
=650  \7$aBus lines.$2fast$0(OCoLC)fst00842040
=650  \7$aBus travel.$2fast$0(OCoLC)fst00842133
=650  \7$aBus lines$xFares$xSpecial rates.$2fast$0(OCoLC)fst00842070
=651  \7$aGreat Britain.$2fast$0(OCoLC)fst01204623
=655  \7$aStatistics.$2fast$0(OCoLC)fst01423727
=655  \7$aWeb archives.$2fast$0(OCoLC)fst02008857
=690  7\$aOpen Government Licence Collection$2blcoll
=710  2\$aBritish Library,$ecollector.
=710  2\$aUK Web Archive,$ecollector.
=740  02$aQuarterly bus fares statistics.
=774  08$iReports to 2020/21 also available in PDF:$tAnnual bus statistics
=774  08$iReports to 2020/21 also available in PDF:$tConcessionary travel statistics, England
=774  08$iReports to April/June 2020 also available in PDF:$tQuarterly bus statistics
=856  40$uhttps://www.webarchive.org.uk/wayback/en/archive/*/https://www.gov.uk/government/collections/bus-statistics$yUK Web Archive
=859  \\$aXLD$bUK Web Archive
=985  \\$a28092023 New Landing Page record - UK Web Archive
=CAT  \\$a3391$b40$c20230923$lBLL01$h2202
=CAT  \\$a3391$b40$c20230928$lBLL01$h1157
=FIN  \\$aY$d20230928
=FIN  \\$aY$d20230923
=LKR  \\$aPAR$b018252403$lBLL01$r774$mBus statistics.$nAnnual bus statistics ...
=LKR  \\$aPAR$b019728159$lBLL01$r774$mBus statistics.$nConcessionary travel statistics, England
=LKR  \\$aPAR$b018537115$lBLL01$r774$mBus statistics.$nQuarterly bus statistics : Great Britain
=LAS  \\$a3391$b40$c20230928$lBLL01$h1157

