=LDR  02846cai a2200553 i 4500
=001  021220963
=003  Uk
=005  20230928121936.0
=006  m\\\\\|\\d\|\\\\\\
=007  cr\|||||||||||
=008  090428c20139999enk||\w\o\\\\f0\\\a2eng\\
=FMT  \\$a  SE
=040  \\$aUk$beng$cUk$erda
=042  \\$aukblsr
=082  04$a363.50942021$223
=110  1\$aGreat Britain.$bDepartment for Levelling Up, Housing & Communities,$ecreator.
=245  10$aDwelling stock (including vacants)
=264  \1$a[London] :$bDepartment for Communities and Local Government,$c21 May 2013-
=264  21$32018-2021$a[London] :$bMinistry of Housing, Communities & Local Government
=264  31$32022-$a[London]$bDepartment for Levelling Up, Housing and Communities and Ministry of Housing, Communities & Local Government
=300  \\$a1 archived website
=336  \\$atext$2rdacontent
=337  \\$acomputer$2rdamedia
=338  \\$aonline resource$2rdacarrier
=500  \\$aGOV.UK webpage first archived on November 8, 2013; ongoing.
=500  \\$aAt head of title: Collection.
=506  0\$aLegal Deposit;$cContains public sector information licensed under the Open Government Licence;$eThe Legal Deposit Libraries (Non-Print Works) Regulations (UK).$5Uk
=520  \\$aThis collection brings together all documents relating to the housing stock in England (including vacants)
=540  \\$aCopying and sharing of this resource is governed by the terms of the Open Government Licence and UK copyright law currently in force.$5Uk
=588  \\$aDescription based on GOV.UK webpage published May 23, 2023 (archived June 24, 2023).
=650  \7$aHousing$xStatistics.$2fast$0(OCoLC)fst00962350
=651  \7$aEngland.$2fast$0(OCoLC)fst01219920
=655  \7$aWeb archives.$2fast$0(OCoLC)fst02008857
=690  7\$aOpen Government Licence Collection$2blcoll
=710  1\$aGreat Britain.$bDepartment for Communities and Local Government,$ecreator.
=710  1\$aGreat Britain.$bMinistry of Housing, Communities & Local Government,$ecreator.
=710  2\$aBritish Library,$ecollector.
=710  2\$aUK Web Archive,$ecollector.
=774  08$iStatistical reports to 2021 also available in PDF:$tDwelling stock estimates: ... England
=856  40$uhttps://www.webarchive.org.uk/wayback/en/archive/*/https://www.gov.uk/government/collections/dwelling-stock-including-vacants$yUK Web Archive
=859  \\$aXLD$bUK Web Archive
=985  \\$a28092023 New Landing Page record - UK Web Archive
=CAT  \\$a3391$b40$c20230923$lBLL01$h2323
=CAT  \\$a3391$b40$c20230928$lBLL01$h1208
=CAT  \\$a3391$b40$c20230928$lBLL01$h1219
=FIN  \\$aY$d20230923
=FIN  \\$aY$d20230928
=LKR  \\$aPAR$b018375258$lBLL01$r774$mDwelling stock (including vacants)$nDwelling stock estimates: ... England.
=LAS  \\$a3391$b40$c20230928$lBLL01$h1219

