=LDR  02653cai a2200553 i 4500
=001  021220964
=003  Uk
=005  20230928115739.0
=006  m\\\\\|\\d\|\\\\\\
=007  cr\|||||||||||
=008  090428c20169999enk||\w\o\\\\f0\\\a2eng\\
=FMT  \\$a  SE
=040  \\$aUk$beng$cUk$erda
=042  \\$aukblsr
=082  04$a649.330942021$223
=110  1\$aGreat Britain.$bOffice for Health Improvement & Disparities,$ecreator.
=245  10$aBreastfeeding statistics.
=264  \1$a[London] :$bPublic Health England,$c26 October 2016-
=264  31$32021-$a[London]$bOffice for Health Improvement and Disparities
=300  \\$a1 archived website
=336  \\$atext$2rdacontent
=337  \\$acomputer$2rdamedia
=338  \\$aonline resource$2rdacarrier
=500  \\$aGOV.UK webpage first archived on November 5, 2016; ongoing.
=500  \\$aAt head of title: Collection.
=506  0\$aLegal Deposit;$cContains public sector information licensed under the Open Government Licence;$eThe Legal Deposit Libraries (Non-Print Works) Regulations (UK).$5Uk
=520  \\$aPublished statistics on breastfeeding, including prevalence at 6 to 8 weeks after birth.
=540  \\$aCopying and sharing of this resource is governed by the terms of the Open Government Licence and UK copyright law currently in force.$5Uk
=588  \\$aDescription based on GOV.UK webpage published September 7, 2023 (archived September 22, 2023).
=650  \7$aBreastfeeding.$2fast$0(OCoLC)fst01429962
=651  \7$aEngland.$2fast$0(OCoLC)fst01219920
=655  \7$aStatistics.$2fast$0(OCoLC)fst01423727
=655  \7$aWeb archives.$2fast$0(OCoLC)fst02008857
=690  7\$aOpen Government Licence Collection$2blcoll
=710  2\$aPublic Health England,$ecreator.
=710  2\$aBritish Library,$ecollector.
=710  2\$aUK Web Archive,$ecollector.
=774  08$iQuarterly and annual reports to 2020/21 also available in PDF:$tBreastfeeding prevalence at 6-8 weeks after birth
=856  40$uhttps://www.webarchive.org.uk/wayback/en/archive/*/https://www.gov.uk/government/collections/breastfeeding-statistics$yUK Web Archive
=859  \\$aXLD$bUK Web Archive
=985  \\$a28092023 New Landing Page record - UK Web Archive
=CAT  \\$a3391$b40$c20230924$lBLL01$h0037
=CAT  \\$a3391$b40$c20230928$lBLL01$h1143
=CAT  \\$a3391$b40$c20230928$lBLL01$h1154
=CAT  \\$a3391$b40$c20230928$lBLL01$h1157
=FIN  \\$aY$d20230928
=FIN  \\$aY$d20230924
=LKR  \\$aPAR$b020736740$lBLL01$r774$mBreastfeeding statistics.$nBreastfeeding prevalence at 6-8 weeks after birth : (experimental statistics).
=LAS  \\$a3391$b40$c20230928$lBLL01$h1157

