=LDR  02810nai a2200493 i 4500
=001  021228698
=003  Uk
=005  20230930213711.0
=006  m\\\\\|\\d\|\\\\\\
=007  cr\|||||||||||
=008  090428c20169999enk||\w\o\\\\f0\\\a2eng\\
=FMT  \\$a  SE
=040  \\$aUk$beng$cUk$erda
=042  \\$aukblsr
=082  04$a336.24316$223
=110  1\$aGreat Britain.$bHM Revenue & Customs,$ecreator.
=245  10$aCorporate tax :$bResearch and Development Tax Credits.
=264  \1$a[London] :$bHM Revenue & Customs,$c14 September 2016-
=300  \\$a1 archived website
=336  \\$atext$2rdacontent
=337  \\$acomputer$2rdamedia
=338  \\$aonline resource$2rdacarrier
=500  \\$aGOV.UK webpage first archived on September 20, 2016; ongoing.
=500  \\$aAt head of title: National statistics.
=506  0\$aLegal Deposit;$cContains public sector information licensed under the Open Government Licence;$eThe Legal Deposit Libraries (Non-Print Works) Regulations (UK).$5Uk
=520  \\$aResearch and Development Tax Credits are a tax relief designed to encourage greater Research and Development spending, leading in turn to greater investment in innovation. They work by reducing a company's tax bill by an amount equal to a percentage of the company's allowable Research and Development expenditure. These statistics provide information about Research and Development Tax Credits, their cost, and the nature of the companies claiming them.
=540  \\$aCopying and sharing of this resource is governed by the terms of the Open Government Licence and UK copyright law currently in force.$5Uk
=588  \\$aDescription based on GOV.UK webpage published September 28, 2023 (archived September 28, 2023).
=650  \7$aResearch and development tax credit.$2fast$0(OCoLC)fst01095278
=650  \7$aCorporations$xTaxation.$2fast$0(OCoLC)fst00879935
=651  \7$aGreat Britain.$2fast$0(OCoLC)fst01204623
=655  \7$aStatistics.$2fast$0(OCoLC)fst01423727
=655  \7$aWeb archives.$2fast$0(OCoLC)fst02008857
=690  7\$aOpen Government Licence Collection$2blcoll
=710  2\$aBritish Library,$ecollector.
=710  2\$aUK Web Archive,$ecollector.
=774  08$iReports to 2020 also available in PDF:$tResearch and development tax credits statistics
=856  40$uhttps://www.webarchive.org.uk/wayback/en/archive/*/https://www.gov.uk/government/statistics/corporate-tax-research-and-development-tax-credit$yUK Web Archive
=859  \\$aXLD$bUK Web Archive
=CAT  \\$a3391$b40$c20230929$lBLL01$h1038
=CAT  \\$a3391$b40$c20230930$lBLL01$h2137
=FIN  \\$aY$d20230929
=LKR  \\$aPAR$b016897346$lBLL01$r774$mCorporate tax : Research and Development Tax Credits.$nResearch and development tax credits statistics.
=LAS  \\$a3391$b40$c20230930$lBLL01$h2137

