=LDR  03163nai a2200577 i 4500
=001  021228903
=003  Uk
=005  20230929230644.0
=006  m\\\\\|\\d\|\\\\\\
=007  cr\|||||||||||
=008  090428c20139999enk||\w\o\\\\f0\\\a2eng\\
=FMT  \\$a  SE
=040  \\$aUk$beng$cUk$erda
=042  \\$aukblsr
=082  04$a338.47690830942$223
=110  1\$aGreat Britain.$bDepartment for Levelling Up, Housing & Communities,$ecreator.
=245  10$aHousing supply :$bindicators of new supply statistics.
=247  10$aHouse building :$bnew build dwellings statistics$f2016-2019
=247  10$aHouse building statistics$f2013-2016
=264  \1$a[London] :$bDepartment for Communities and Local Government,$c15 August 2013-
=264  21$32018-2021$a[London]$bMinistry of Housing, Communities & Local Government
=264  31$32022-$a[London]$bDepartment for Levelling Up, Housing and Communities and Ministry of Housing, Communities & Local Government
=300  \\$a1 archived website
=336  \\$atext$2rdacontent
=337  \\$acomputer$2rdamedia
=338  \\$aonline resource$2rdacarrier
=500  \\$aGOV.UK webpage first archived on November 10, 2013; ongoing.
=500  \\$aAt head of title: Collection.
=506  0\$aLegal Deposit;$cContains public sector information licensed under the Open Government Licence;$eThe Legal Deposit Libraries (Non-Print Works) Regulations (UK).$5Uk
=520  \\$aThe national statistics on house building (new build) starts and completions in England, seasonally adjusted, are released every 3 months. The archived webpages contain data back to 2010.
=540  \\$aCopying and sharing of this resource is governed by the terms of the Open Government Licence and UK copyright law currently in force.$5Uk
=588  \\$aDescription based on GOV.UK webpage published June 29, 2023 (archived September 24, 2023).
=650  \7$aHouse construction.$2fast$0(OCoLC)fst00961921
=650  \7$aConstruction industry.$2fast$0(OCoLC)fst00875964
=650  \7$aHousing development.$2fast$0(OCoLC)fst00962394
=651  \7$aEngland.$2fast$0(OCoLC)fst01219920
=655  \7$aStatistics.$2fast$0(OCoLC)fst01423727
=655  \7$aWeb archives.$2fast$0(OCoLC)fst02008857
=690  7\$aOpen Government Licence Collection$2blcoll
=710  1\$aGreat Britain.$bMinistry of Housing, Communities and Local Government,$ecreator.
=710  1\$aGreat Britain.$bDepartment for Communities and Local Government,$ecreator.
=710  2\$aBritish Library,$ecollector.
=710  2\$aUK Web Archive,$ecollector.
=774  08$iIssues to April/June 2022 also available in PDF:$tHousing supply : indicators of new supply, England
=856  40$uhttps://www.webarchive.org.uk/wayback/en/archive/*/https://www.gov.uk/government/collections/house-building-statistics$yUK Web Archive
=859  \\$aXLD$bUK Web Archive
=CAT  \\$a3391$b40$c20230929$lBLL01$h2304
=CAT  \\$a3391$b40$c20230929$lBLL01$h2306
=FIN  \\$aY$d20230929
=LKR  \\$aPAR$b020124940$lBLL01$r774$mHousing supply : indicators of new supply statistics.$nHousing supply : indicators of new supply, England
=LAS  \\$a3391$b40$c20230929$lBLL01$h2306

