=LDR  03661nai a2200625 i 4500
=001  021228904
=003  Uk
=005  20231002222531.0
=006  m\\\\\|\\d\|\\\\\\
=007  cr\|||||||||||
=008  090428c20169999enk||\w\o\\\\f0\\\a2eng\\
=FMT  \\$a  SE
=040  \\$aUk$beng$cUk$erda
=042  \\$aukblsr
=082  04$a363.70942$223
=110  1\$aGreat Britain.$bEnvironment Agency,$ecreator.
=245  10$aEnvironment Agency data on business environmental performance.
=264  \1$a[Bristol] :$bEnvironment Agency,$c22 September 2016-
=300  \\$a1 archived website
=336  \\$atext$2rdacontent
=337  \\$acomputer$2rdamedia
=338  \\$aonline resource$2rdacarrier
=500  \\$aGOV.UK webpage first archived on September 25, 2016; ongoing.
=500  \\$aAt head of title: Collection.
=505  0\$aRegulating for people, the environment and growth -- Environmental performance: sector strategies -- Environmental performance of water and sewerage companies -- Environment Agency data on regulated businesses in England -- Regulating the waste industry -- Pollution incidents.
=506  0\$aLegal Deposit;$cContains public sector information licensed under the Open Government Licence;$eThe Legal Deposit Libraries (Non-Print Works) Regulations (UK).$5Uk
=520  \\$aThe Environment Agency reports on the environmental performance of the businesses it regulates and the effectiveness of its regulatory approach.
=540  \\$aCopying and sharing of this resource is governed by the terms of the Open Government Licence and UK copyright law currently in force.$5Uk
=588  \\$aDescription based on GOV.UK webpage published July 14, 2022 (archived October 3, 2022).
=650  \7$aEnvironmental protection.$2fast$0(OCoLC)fst00913324
=650  \7$aOffenses against the environment.$2fast$0(OCoLC)fst01044026
=650  \7$aIndustries$xEnvironmental aspects.$2fast$0(OCoLC)fst00971899
=650  \7$aPollution.$2fast$0(OCoLC)fst01070069
=650  \7$aWater utilities.$2fast$0(OCoLC)fst01172219
=650  \7$aSewage disposal plants$xEnvironmental aspects.$2fast$0(OCoLC)fst01113958
=651  \7$aEngland.$2fast$0(OCoLC)fst01219920
=655  \7$aStatistics.$2fast$0(OCoLC)fst01423727
=655  \7$aWeb archives.$2fast$0(OCoLC)fst02008857
=690  7\$aOpen Government Licence Collection$2blcoll
=710  2\$aBritish Library,$ecollector.
=710  2\$aUK Web Archive,$ecollector.
=774  08$iReports to 2018 also available in PDF:$tRegulating for people, environment and growth
=774  08$iReports to 2015 also available in PDF:$tPollution incidents
=774  08$iReports to 2018 also available in PDF:$tWater and sewerage companies' performance
=856  40$uhttps://www.webarchive.org.uk/wayback/en/archive/*/https://www.gov.uk/government/collections/environment-agency-data-on-business-environmental-performance$yUK Web Archive
=859  \\$aXLD$bUK Web Archive
=CAT  \\$a3391$b40$c20230930$lBLL01$h0021
=CAT  \\$a3391$b40$c20230930$lBLL01$h1131
=CAT  \\$a3391$b40$c20231002$lBLL01$h2218
=CAT  \\$a3391$b40$c20231002$lBLL01$h2225
=FIN  \\$aY$d20230930
=LKR  \\$aPAR$b019141343$lBLL01$r774$mEnvironment Agency data on business environmental performance.$nRegulating for people, environment and growth : ... evidence summary
=LKR  \\$aPAR$b017460654$lBLL01$r774$mEnvironment Agency data on business environmental performance.$nPollution incidents : ... evidence summary.
=LKR  \\$aPAR$b018559204$lBLL01$r774$mEnvironment Agency data on business environmental performance.$nWater and sewerage companies' performance
=LAS  \\$a3391$b40$c20231002$lBLL01$h2225

