=LDR  04211nai a2200589 i 4500
=001  021229304
=003  Uk
=005  20230930110813.0
=006  m\\\\\|\\d\|\\\\\\
=007  cr\|||||||||||
=008  090428c20139999enk||\w\o\\\\f0\\\a2eng\\
=FMT  \\$a  SE
=040  \\$aUk$beng$cUk$erda
=042  \\$aukblsr
=082  04$a363.5850942$223
=110  1\$aGreat Britain.$bDepartment for Levelling Up, Housing & Communities,$ecreator.
=245  10$aSocial housing sales (including Right to Buy and transfers).
=264  \1$a[London] :$bDepartment for Communities and Local Government,$c10 October 2013-
=264  21$32018-2021$a[London] :$bMinistry of Housing, Communities and Local Government
=264  31$32022-$a[London] :$bDepartment for Levelling Up, Housing and Communities and Ministry of Housing, Communities & Local Government
=300  \\$a1 archived website
=336  \\$atext$2rdacontent
=337  \\$acomputer$2rdamedia
=338  \\$aonline resource$2rdacarrier
=500  \\$aGOV.UK webpage first archived on November 10, 2013; ongoing.
=500  \\$aAt head of title: Collection.
=505  0\$aSocial housing sales and demolitions, England, 2020/21- -- Social housing sales, England, 2011/12-2019/20 -- Social housing sales to sitting tenants in England 2009/10 -- Right to buy sales and replacements, England, 2021/22- -- Right to buy sales in England, 2012/13-Jan/March 2021 -- Live tables on social housing sales.
=506  0\$aLegal Deposit;$cContains public sector information licensed under the Open Government Licence;$eThe Legal Deposit Libraries (Non-Print Works) Regulations (UK).$5Uk
=520  \\$aThis collection provides data related to sales of local authority dwellings and some summary information on sales of registered provider stock (previously known as Registered Social Landlords or housing associations). Social housing sales include sales under the Right to Buy, Preserved Right to Buy, Right to Acquire, Social HomeBuy, other outright or shared equity sales to tenants, and sales of existing stock to the private sector. The figures exclude sales through low cost home ownership schemes where these do not relate to existing social stock, i.e. sales of newly built homes for shared ownership or acquisitions of private sector homes for affordable home ownership. Figures on Right to Buy sales also include the number of applications, related selling price and discount information.
=540  \\$aCopying and sharing of this resource is governed by the terms of the Open Government Licence and UK copyright law currently in force.$5Uk
=588  \\$aDescription based on GOV.UK webpage published August 10, 2023 (archived September 23, 2023).
=650  \7$aHouse selling.$2fast$0(OCoLC)fst00962036
=650  \7$aPublic housing.$2fast$0(OCoLC)fst01082447
=650  \7$aHome ownership.$2fast$0(OCoLC)fst00959347
=651  \7$aEngland.$2fast$0(OCoLC)fst01219920
=655  \7$aStatistics.$2fast$0(OCoLC)fst01423727
=655  \7$aWeb archives.$2fast$0(OCoLC)fst02008857
=690  7\$aOpen Government Licence Collection$2blcoll
=710  1\$aGreat Britain.$bMinistry of Housing, Communities and Local Government,$ecreator.
=710  1\$aGreat Britain.$bDepartment for Communities and Local Government,$ecreator.
=710  2\$aBritish Library,$ecollector.
=710  2\$aUK Web Archive,$ecollector.
=774  08$iContent to 2020/21 also available in PDF:$tSocial housing sales, England ...
=774  08$iContent to July/September 2020 also available in PDF:$tRight to buy sales in England
=856  40$uhttps://www.webarchive.org.uk/wayback/en/archive/*/https://www.gov.uk/government/collections/social-housing-sales-including-right-to-buy-and-transfers$yUK Web Archive
=859  \\$aXLD$bUK Web Archive
=CAT  \\$a3391$b40$c20230930$lBLL01$h1107
=CAT  \\$a3391$b40$c20230930$lBLL01$h1108
=FIN  \\$aY$d20230930
=LKR  \\$aPAR$b016706036$lBLL01$r774$mSocial housing sales (including Right to Buy and transfers).$nSocial housing sales, England ...
=LKR  \\$aPAR$b017873523$lBLL01$r774$mSocial housing sales (including Right to Buy and transfers).$nRight to buy sales in England
=LAS  \\$a3391$b40$c20230930$lBLL01$h1108

