=LDR  02229nai a2200481 i 4500
=001  021243735
=003  Uk
=005  20231009182936.0
=006  m\\\\\|\\d\|\\\\\\
=007  cr\|||||||||||
=008  090428c20189999enk||\w\o\\\\f0\\\a2eng\\
=FMT  \\$a  SE
=040  \\$aUk$beng$cUk$erda
=042  \\$aukblsr
=082  04$a331.7950941021$223
=110  1\$aGreat Britain.$bCabinet Office,$ecreator.
=245  10$aCivil service statistics
=264  \1$a[London] :$bCabinet Office,$c6 September 2018-
=300  \\$a1 archived website
=336  \\$atext$2rdacontent
=337  \\$acomputer$2rdamedia
=338  \\$aonline resource$2rdacarrier
=500  \\$aGOV.UK webpage first archived on September 7 2018; ongoing.
=500  \\$aAt head of title: Collection.
=506  0\$aLegal Deposit;$cContains public sector information licensed under the Open Government Licence;$eThe Legal Deposit Libraries (Non-Print Works) Regulations (UK).$5Uk
=520  \\$aStatistics on the composition of the Civil Service workforce, including regional, diversity and earnings data.
=540  \\$aCopying and sharing of this resource is governed by the terms of the Open Government Licence and UK copyright law currently in force.$5Uk
=588  \\$aDescription based on GOV.UK webpage updated August 17, 2023 (archived October 7, 2023).
=650  \7$aCivil service.$2fast$0(OCoLC)fst00862730
=651  \7$aGreat Britain.$2fast$0(OCoLC)fst01204623
=655  \7$aStatistics.$2fast$0(OCoLC)fst01423727
=655  \0$aGovernment publications.
=655  \7$aWeb archives.$2fast$0(OCoLC)fst02008857
=690  7\$aOpen Government Licence Collection$2blcoll
=710  2\$aBritish Library,$ecollector.
=710  2\$aUK Web Archive,$ecollector.
=774  08$iTo 2021 content also issued in PDF:$tCivil service statistics
=856  40$uhttps://www.webarchive.org.uk/wayback/en/archive/*/https://www.gov.uk/government/collections/civil-service-statistics$yUK Web Archive
=859  \\$aXLD$bUK Web Archive
=CAT  \\$a7907$b40$c20231009$lBLL01$h1818
=CAT  \\$a7907$b40$c20231009$lBLL01$h1829
=LKR  \\$aPAR$b019105653$lBLL01$r774$mCivil service statistics$nCivil service statistics /
=LAS  \\$a7907$b40$c20231009$lBLL01$h1829

