=LDR  04022nai a2200625 i 4500
=001  021248224
=003  Uk
=005  20231013013903.0
=006  m\\\\\|\\d\|\\\\\\
=007  cr\|||||||||||
=008  090428c20179999enk||\w\o\\\\f0\\\a2eng\\
=FMT  \\$a  SE
=040  \\$aUk$beng$cUk$erda
=042  \\$aukblsr
=082  04$a331.12042$223
=110  1\$aGreat Britain.$bDepartment for Business & Trade,$ecreator.
=245  10$aESF action notes :$b2014 to 2020 programme.
=246  3\$aEuropean Social Fund action notes :$b2014 to 2020 programme.
=264  \1$a[London] :$bDepartment for Communities and Local Government, Department for Work and Pensions, and Department for Business, Energy & Industrial Strategy,$c26 June 2017-
=264  21$32018-2023$a[London] :$bMinistry of Housing, Communities & Local Government, Department for Work and Pensions, and Department for Business, Energy & Industrial Strategy
=264  31$32023-$a[London] :$bDepartment for Business and Trade, Department for Levelling Up, Housing and Communities , Department for Work and Pensions, Ministry of Housing, Communities & Local Government, and Department for Business, Energy & Industrial Strategy
=300  \\$a1 archived website
=336  \\$atext$2rdacontent
=337  \\$acomputer$2rdamedia
=338  \\$aonline resource$2rdacarrier
=500  \\$aGOV.UK webpage first archived on June 27, 2017; ongoing.
=500  \\$aAt head of title: Guidance.
=506  0\$aLegal Deposit;$cContains public sector information licensed under the Open Government Licence;$eThe Legal Deposit Libraries (Non-Print Works) Regulations (UK).$5Uk
=520  \\$aESF Action Notes are formal communications issued to inform all Grant Recipients (GR) about specific issues they need to act on. Action Notes may support updates of Eligibility Rules and Programme Guidance documents drawing attention to specific rules or requirements that are either new or have been modified. Others may focus on more technical information or one off requests/opportunities the Managing Authority needs to make GR aware of or potentially act on.
=540  \\$aCopying and sharing of this resource is governed by the terms of the Open Government Licence and UK copyright law currently in force.$5Uk
=588  \\$aDescription based on GOV.UK webpage published October 5, 2023 (archived October 11, 2023).
=610  27$aEuropean Social Fund$2fast$0(OCoLC)fst00519838
=650  \7$aLabor policy$xFinance.$2fast$0(OCoLC)fst00990124
=650  \7$aYouth$xEmployment$xGovernment policy.$2fast$0(OCoLC)fst01183421
=650  \7$aUnskilled labor$xTraining of.$2fast$0(OCoLC)fst01162043
=650  \7$aEmployability.$2fast$0(OCoLC)fst01738976
=650  \7$aPoverty$xGovernment policy.$2fast$0(OCoLC)fst01074100
=650  \7$aEconomic assistance, Domestic.$2fast$0(OCoLC)fst00901671
=650  \7$aSocial justice$xGovernment policy.$2fast$0(OCoLC)fst01122607
=650  \7$aVocational education$xGovernment policy.$2fast$0(OCoLC)fst01168522
=651  \7$aEngland.$2fast$0(OCoLC)fst01219920
=655  \7$aWeb archives.$2fast$0(OCoLC)fst02008857
=690  7\$aOpen Government Licence Collection$2blcoll
=710  1\$aGreat Britain.$bDepartment for Communities and Local Government,$ecreator.
=710  1\$aGreat Britain.$bDepartment for Work and Pensions,$ecreator.
=710  1\$aGreat Britain.$bDepartment for Business, Energy & Industrial Strategy,$ecreator.
=710  1\$aGreat Britain.$bMinistry of Housing, Communities and Local Government,$ecreator.
=710  1\$aGreat Britain.$bDepartment for Levelling Up, Housing & Communities,$ecreator.
=710  2\$aBritish Library,$ecollector.
=710  2\$aUK Web Archive,$ecollector.
=856  40$uhttps://www.webarchive.org.uk/wayback/en/archive/*/https://www.gov.uk/government/publications/esf-action-notes-2014-to-2020-programme$yUK Web Archive
=859  \\$aXLD$bUK Web Archive
=CAT  \\$a3391$b40$c20231013$lBLL01$h0139
=FIN  \\$aY$d20231013
=LAS  \\$a3391$b40$c20231013$lBLL01$h0139

